datetime,sym,price,size
2025.05.23D08:02:54.915366510,IBM,259.33,2
2025.05.23D08:02:54.915366510,IBM,259.33,1
2025.05.23D08:02:54.915369480,IBM,259.27,7
2025.05.23D08:02:54.915381514,IBM,259.27,3
2025.05.23D08:02:54.915384560,IBM,258.85,7
2025.05.23D08:02:54.915450677,IBM,258.85,10
2025.05.23D08:02:54.990127505,IBM,258.85,8
2025.05.23D08:02:54.990190686,IBM,259.06,4
2025.05.23D08:02:54.990362168,IBM,259.06,4
2025.05.23D08:02:54.990398138,IBM,259.06,1
2025.05.23D08:02:54.990563544,IBM,259.06,4
2025.05.23D08:02:54.990593831,IBM,259.06,1
2025.05.23D08:06:34.683849484,IBM,259.35,20
2025.05.23D08:08:23.611624611,IBM,258.73,2
2025.05.23D08:09:07.020368429,IBM,259.08,1
2025.05.23D08:09:07.813113137,IBM,259.08,1
2025.05.23D08:09:25.726098891,IBM,259.05,1
2025.05.23D08:09:29.772744944,IBM,258.8,2
2025.05.23D08:09:29.772901331,IBM,258.8,2
2025.05.23D08:09:29.772967482,IBM,258.8,2
2025.05.23D08:09:31.161325436,IBM,258.69,10
2025.05.23D08:09:31.161329061,IBM,258.53,60
2025.05.23D08:09:31.161332528,IBM,258.5,1
2025.05.23D08:09:31.161332528,IBM,258.43,100
2025.05.23D08:09:31.161334592,IBM,258.37,1
2025.05.23D08:09:31.161337491,IBM,258.37,4
2025.05.23D08:09:31.161352537,IBM,258.73,24
2025.05.23D08:09:31.161728445,IBM,258.73,8
2025.05.23D08:09:31.161881807,IBM,258.7,8
2025.05.23D08:19:54.303073195,IBM,258.77,1
2025.05.23D08:25:10.905935463,IBM,258.5,1
2025.05.23D08:30:17.236850548,IBM,258.4,14
2025.05.23D08:30:58.917992542,IBM,258.4,14
2025.05.23D08:30:58.952418588,IBM,258.4,2
2025.05.23D08:30:58.952418588,IBM,258.4,5
2025.05.23D08:32:14.928667933,IBM,258.68,2
2025.05.23D08:33:22.909574841,IBM,258.77,10
2025.05.23D08:44:34.457343863,IBM,258.42,1
2025.05.23D08:44:56.454096172,IBM,258.4,35
2025.05.23D08:44:56.454108126,IBM,258.4,10
2025.05.23D08:44:56.454108126,IBM,258.38,37
2025.05.23D08:53:19.786363852,IBM,258.38,1
2025.05.23D08:53:19.786408963,IBM,258.42,14
2025.05.23D08:53:19.786430011,IBM,258.37,1
2025.05.23D08:53:36.685145597,IBM,258.6,5
2025.05.23D08:53:57.710524659,IBM,258.38,10
2025.05.23D08:56:49.027950905,IBM,258.4,3
2025.05.23D08:56:49.027956874,IBM,258.47,20
2025.05.23D08:58:27.499236310,IBM,258.38,20
2025.05.23D09:04:54.181895117,IBM,258.19,1
2025.05.23D09:04:54.181895117,IBM,258.17,1
2025.05.23D09:04:54.181916170,IBM,258.14,2
2025.05.23D09:04:54.182229278,IBM,258,12
2025.05.23D09:05:47.490149245,IBM,258,2
2025.05.23D09:05:47.490152574,IBM,258,3
2025.05.23D09:05:47.490155905,IBM,258,1
2025.05.23D09:05:47.490155905,IBM,258,1
2025.05.23D09:05:47.490158149,IBM,258,5
2025.05.23D09:07:27.751772221,IBM,257.97,1
2025.05.23D09:07:27.752159982,IBM,257.97,1
2025.05.23D09:07:27.752529925,IBM,257.97,1
2025.05.23D09:07:27.752902746,IBM,257.97,1
2025.05.23D09:07:27.753275692,IBM,257.97,1
2025.05.23D09:07:27.753645536,IBM,257.97,1
2025.05.23D09:07:27.754015504,IBM,257.97,1
2025.05.23D09:07:27.754388283,IBM,257.97,1
2025.05.23D09:07:27.754758220,IBM,257.97,1
2025.05.23D09:07:27.755128095,IBM,257.97,1
2025.05.23D09:07:28.017710323,IBM,257.97,1
2025.05.23D09:08:05.189705508,IBM,257.97,1
2025.05.23D09:08:05.716027878,IBM,257.97,1
2025.05.23D09:08:06.317036022,IBM,257.97,1
2025.05.23D09:08:14.270714525,IBM,257.97,1
2025.05.23D09:08:14.831450707,IBM,257.97,1
2025.05.23D09:08:15.565549823,IBM,257.97,1
2025.05.23D09:08:16.123859213,IBM,257.97,1
2025.05.23D09:08:16.886754891,IBM,257.97,1
2025.05.23D09:08:17.425574883,IBM,257.97,1
2025.05.23D09:08:18.182203626,IBM,257.97,1
2025.05.23D09:08:18.728887358,IBM,257.97,1
2025.05.23D09:08:19.494961640,IBM,257.97,1
2025.05.23D09:08:20.128083193,IBM,257.97,1
2025.05.23D09:08:20.869841473,IBM,257.97,1
2025.05.23D09:08:21.503221723,IBM,257.97,1
2025.05.23D09:08:22.109324015,IBM,257.97,1
2025.05.23D09:08:23.534047659,IBM,257.97,1
2025.05.23D09:08:24.133687465,IBM,257.97,1
2025.05.23D09:08:24.754960932,IBM,257.97,1
2025.05.23D09:08:25.337297816,IBM,257.97,1
2025.05.23D09:08:25.957187734,IBM,257.97,1
2025.05.23D09:08:26.662333792,IBM,257.97,1
2025.05.23D09:08:27.381959387,IBM,257.97,1
2025.05.23D09:08:28.636880767,IBM,257.97,1
2025.05.23D09:08:29.237705425,IBM,257.97,1
2025.05.23D09:08:30.098360790,IBM,257.97,1
2025.05.23D09:08:30.690681287,IBM,257.97,1
2025.05.23D09:08:31.509564208,IBM,257.97,1
2025.05.23D09:08:33.352995882,IBM,257.97,1
2025.05.23D09:08:33.502000739,IBM,257.72,1
2025.05.23D09:09:01.283634123,IBM,257.96,1
2025.05.23D09:09:01.283973965,IBM,257.96,1
2025.05.23D09:16:35.092236791,IBM,257.72,11
2025.05.23D09:16:35.092495329,IBM,257.6,5
2025.05.23D09:16:35.095929471,IBM,257.6,5
2025.05.23D09:16:35.096961089,IBM,257.46,11
2025.05.23D09:18:22.827758614,IBM,258.04,10
2025.05.23D09:18:22.827758614,IBM,258.18,10
2025.05.23D09:25:06.940509738,IBM,257.5,16
2025.05.23D09:27:17.051080813,IBM,257.54,16
2025.05.23D09:28:35.674062406,IBM,257.54,4
2025.05.23D09:28:35.674065299,IBM,257.54,12
2025.05.23D09:29:18.816320899,IBM,257.52,8
2025.05.23D09:29:18.816375056,IBM,257.6,10
2025.05.23D09:29:18.816441151,IBM,257.6,10
2025.05.23D09:29:18.816537521,IBM,257.52,8
2025.05.23D09:29:18.816537521,IBM,257.5,4
2025.05.23D09:29:18.817141873,IBM,257.5,14
2025.05.23D09:29:30.445697207,IBM,257.42,1
2025.05.23D09:29:30.445700237,IBM,257.29,6
2025.05.23D09:29:30.445724289,IBM,257.3,1
2025.05.23D09:29:31.904458948,IBM,257.5,1
2025.05.23D09:29:32.482714912,IBM,257.29,1
2025.05.23D09:29:36.936789191,IBM,257.06,1
2025.05.23D09:31:33.579270974,IBM,257.48,24
2025.05.23D09:31:33.579270974,IBM,257.5,59
2025.05.23D09:31:33.579631851,IBM,257.48,14
2025.05.23D09:35:24.706449428,IBM,257.49,30
2025.05.23D09:35:28.733997020,IBM,257.5,40
2025.05.23D09:38:57.299720682,IBM,257.48,2
2025.05.23D09:39:03.669671997,IBM,257.48,10
2025.05.23D09:39:39.557140522,IBM,257.5,10
2025.05.23D09:40:19.176074513,IBM,257.5,10
2025.05.23D09:42:25.385414419,IBM,257.51,1
2025.05.23D09:42:26.984421183,IBM,257.51,1
2025.05.23D09:42:27.688168764,IBM,257.51,1
2025.05.23D09:42:28.395368794,IBM,257.51,1
2025.05.23D09:42:29.095868857,IBM,257.51,1
2025.05.23D09:42:29.798046923,IBM,257.51,1
2025.05.23D09:42:30.520658636,IBM,257.51,1
2025.05.23D09:42:31.210483165,IBM,257.51,1
2025.05.23D09:42:31.911371101,IBM,257.33,1
2025.05.23D09:43:15.850602597,IBM,257.48,1
2025.05.23D09:43:57.247030338,IBM,257.52,10
2025.05.23D09:43:57.247177690,IBM,257.52,10
2025.05.23D09:43:58.885572125,IBM,257.5,70
2025.05.23D09:43:58.885662341,IBM,257.48,10
2025.05.23D09:43:58.885776827,IBM,257.53,30
2025.05.23D09:43:58.885809631,IBM,257.53,10
2025.05.23D09:43:59.157154791,IBM,257.67,10
2025.05.23D09:46:03.745659442,IBM,257.67,1
2025.05.23D09:46:08.777168423,IBM,257.22,1
2025.05.23D09:46:08.777436024,IBM,257.5,30
2025.05.23D09:46:08.777523233,IBM,257.52,10
2025.05.23D09:50:12.416475267,IBM,257.31,10
2025.05.23D09:51:29.954999059,IBM,257.4,1
2025.05.23D09:51:42.351408853,IBM,257.4,10
2025.05.23D09:52:00.905942299,IBM,257.4,100
2025.05.23D09:52:00.906399398,IBM,257.4,1889
2025.05.23D09:52:00.906901855,IBM,257.6,13
2025.05.23D09:52:00.907081996,IBM,257.6,12
2025.05.23D09:52:01.970732865,IBM,257.6,12
2025.05.23D09:52:02.034051641,IBM,257.6,14
2025.05.23D10:00:11.030722755,IBM,257.7,10
2025.05.23D10:00:21.041371422,IBM,257.65,1
2025.05.23D10:02:31.340642746,IBM,257.64,10
2025.05.23D10:02:35.969854002,IBM,257.67,10
2025.05.23D10:02:35.969971332,IBM,257.65,13
2025.05.23D10:02:36.039316416,IBM,257.78,10
2025.05.23D10:02:36.039809560,IBM,257.78,10
2025.05.23D10:02:36.104328299,IBM,257.78,10
2025.05.23D10:02:36.104448595,IBM,257.78,10
2025.05.23D10:02:36.104490671,IBM,257.78,10
2025.05.23D10:02:36.617900695,IBM,257.78,9
2025.05.23D10:02:36.617900695,IBM,257.78,1
2025.05.23D10:02:36.618011487,IBM,257.78,10
2025.05.23D10:02:37.866665812,IBM,257.88,30
2025.05.23D10:02:37.866665812,IBM,257.88,20
2025.05.23D10:02:38.394879623,IBM,257.88,10
2025.05.23D10:03:13.423340517,IBM,258,2
2025.05.23D10:03:22.026965769,IBM,258,8
2025.05.23D10:04:16.756488858,IBM,257.88,2
2025.05.23D10:05:01.221826280,IBM,257.98,10
2025.05.23D10:05:01.221892388,IBM,257.98,10
2025.05.23D10:05:38.596687754,IBM,257.9,10
2025.05.23D10:05:38.596756956,IBM,257.9,10
2025.05.23D10:06:38.198577739,IBM,257.9,1
2025.05.23D10:10:47.314268932,IBM,257.88,8
2025.05.23D10:11:03.028665513,IBM,257.8,1
2025.05.23D10:14:57.991646408,IBM,258.21,1
2025.05.23D10:16:23.027242121,IBM,257.88,1
2025.05.23D10:16:23.027398443,IBM,257.85,1
2025.05.23D10:18:33.472357296,IBM,257.88,2
2025.05.23D10:18:55.752952651,IBM,258.18,10
2025.05.23D10:19:13.203190557,IBM,258.15,1
2025.05.23D10:39:27.926531514,IBM,258.15,5
2025.05.23D10:39:28.115618682,IBM,258.15,5
2025.05.23D10:42:40.090622551,IBM,258.15,5
2025.05.23D10:42:40.696589487,IBM,258.15,1
2025.05.23D10:42:51.553113447,IBM,258.04,50
2025.05.23D10:42:51.553272684,IBM,258.07,60
2025.05.23D10:42:51.626307598,IBM,258.19,2
2025.05.23D10:43:50.296019895,IBM,257.73,10
2025.05.23D10:54:46.137172549,IBM,257.82,5
2025.05.23D10:54:46.137743953,IBM,257.82,5
2025.05.23D10:57:39.585379274,IBM,257.82,60
2025.05.23D10:57:39.585379274,IBM,257.79,1
2025.05.23D10:57:39.585721794,IBM,257.79,83
2025.05.23D10:57:39.585857105,IBM,257.79,56
2025.05.23D10:57:40.153122050,IBM,258.06,10
2025.05.23D10:57:40.153125198,IBM,258.25,10
2025.05.23D10:57:40.153127907,IBM,258.34,50
2025.05.23D10:58:00.686084898,IBM,257.99,1
2025.05.23D10:59:23.654585768,IBM,257.98,10
2025.05.23D11:00:00.052679014,IBM,257.98,4
2025.05.23D11:00:52.837368878,IBM,257.98,25
2025.05.23D11:00:52.837588360,IBM,257.99,25
2025.05.23D11:02:25.117711377,IBM,257.98,86
2025.05.23D11:02:25.117714755,IBM,257.99,99
2025.05.23D11:02:25.117714755,IBM,257.99,100
2025.05.23D11:02:25.117717418,IBM,258,71
2025.05.23D11:02:25.117789662,IBM,258,144
2025.05.23D11:10:19.323898496,IBM,258.03,3
2025.05.23D11:15:30.144083038,IBM,258,5
2025.05.23D11:19:50.290660586,IBM,258.17,1
2025.05.23D11:19:50.290699720,IBM,258.03,1
2025.05.23D11:19:50.572139838,IBM,258,5
2025.05.23D11:19:50.572233092,IBM,258,10
2025.05.23D11:19:50.626972478,IBM,258,8
2025.05.23D11:19:50.633618318,IBM,258,8
2025.05.23D11:19:52.199853095,IBM,258,8
2025.05.23D11:19:52.199994729,IBM,258,463
2025.05.23D11:19:52.199994729,IBM,258,10
2025.05.23D11:19:52.740327063,IBM,257.86,1
2025.05.23D11:19:52.740339140,IBM,257.76,6
2025.05.23D11:19:52.740351054,IBM,257.76,1
2025.05.23D11:19:52.748858392,IBM,257.76,8
2025.05.23D11:19:52.855708746,IBM,257.76,3
2025.05.23D11:20:00.260836016,IBM,257.76,8
2025.05.23D11:20:00.261007474,IBM,257.7,8
2025.05.23D11:20:00.261254014,IBM,257.7,1
2025.05.23D11:20:00.261275084,IBM,257.7,32
2025.05.23D11:20:01.438590466,IBM,257.63,10
2025.05.23D11:20:01.439673075,IBM,257.62,3
2025.05.23D11:20:01.439745233,IBM,257.6,1
2025.05.23D11:20:01.439757311,IBM,257.53,1
2025.05.23D11:20:01.439937727,IBM,257.6,1
2025.05.23D11:20:05.030036503,IBM,257.78,10
2025.05.23D11:20:13.944770458,IBM,258.07,5
2025.05.23D11:22:12.738087844,IBM,258,100
2025.05.23D11:36:59.198658832,IBM,257.52,1
2025.05.23D11:38:04.188538805,IBM,257.52,60
2025.05.23D11:38:04.188538805,IBM,257.55,40
2025.05.23D11:38:04.188586908,IBM,257.55,55
2025.05.23D11:38:06.570390999,IBM,257.5,100
2025.05.23D11:38:06.570393922,IBM,257.5,100
2025.05.23D11:38:06.570396611,IBM,257.5,55
2025.05.23D11:38:06.570399610,IBM,257.5,40
2025.05.23D11:38:06.570420694,IBM,257.49,10
2025.05.23D11:38:06.570465797,IBM,257.5,45
2025.05.23D11:38:06.570471802,IBM,257.5,1
2025.05.23D11:38:06.570474759,IBM,257.5,1
2025.05.23D11:38:06.570504893,IBM,257.49,10
2025.05.23D11:38:06.570522973,IBM,257.49,10
2025.05.23D11:38:06.570685274,IBM,257.49,10
2025.05.23D11:38:06.628855745,IBM,257.48,10
2025.05.23D11:40:16.923733064,IBM,257.6,1
2025.05.23D11:43:52.127045640,IBM,257.4,16
2025.05.23D11:43:52.143783579,IBM,257.4,8
2025.05.23D11:43:52.158578819,IBM,257.4,76
2025.05.23D11:43:52.634404822,IBM,257.29,3
2025.05.23D11:43:52.634470999,IBM,257.28,5
2025.05.23D11:43:52.699885735,IBM,257.28,30
2025.05.23D11:43:52.705127547,IBM,257.1,1
2025.05.23D11:43:52.705166394,IBM,257.03,1
2025.05.23D11:43:52.705181578,IBM,257,1
2025.05.23D11:43:52.705184382,IBM,257,15
2025.05.23D11:43:52.729768001,IBM,257,8
2025.05.23D11:43:59.235547035,IBM,257,15
2025.05.23D11:43:59.235601046,IBM,257,20
2025.05.23D11:43:59.235676214,IBM,257,5
2025.05.23D11:44:01.182755691,IBM,257,37
2025.05.23D11:44:01.182755691,IBM,257,1
2025.05.23D11:44:01.182759278,IBM,257,1
2025.05.23D11:44:01.182759278,IBM,257,1
2025.05.23D11:44:01.182933105,IBM,257,30
2025.05.23D11:44:01.182996476,IBM,257,8
2025.05.23D11:44:03.230148096,IBM,257,1
2025.05.23D11:44:03.230157090,IBM,257,1
2025.05.23D11:44:03.230160053,IBM,257,1
2025.05.23D11:44:04.252504530,IBM,256.7,3
2025.05.23D11:44:04.252603802,IBM,256.6,10
2025.05.23D11:44:04.252666951,IBM,256.52,1
2025.05.23D11:44:04.252817280,IBM,256.36,1
2025.05.23D11:44:04.252901997,IBM,256.36,1
2025.05.23D11:44:04.252901997,IBM,256.36,60
2025.05.23D11:44:09.432429106,IBM,256.06,10
2025.05.23D11:44:09.444893784,IBM,256.06,5
2025.05.23D11:44:12.591977729,IBM,256.06,16
2025.05.23D11:44:12.592013871,IBM,256.06,16
2025.05.23D11:44:12.593180577,IBM,256.06,8
2025.05.23D11:44:12.593788039,IBM,256.06,16
2025.05.23D11:44:12.598037168,IBM,256.06,16
2025.05.23D11:44:12.600500074,IBM,256.06,8
2025.05.23D11:44:12.604391359,IBM,256.06,16
2025.05.23D11:44:12.604914536,IBM,256.06,16
2025.05.23D11:44:12.610252262,IBM,256.06,5
2025.05.23D11:44:12.610255239,IBM,256.03,3
2025.05.23D11:44:12.620834503,IBM,256.03,8
2025.05.23D11:44:12.637560372,IBM,256.03,8
2025.05.23D11:44:12.646735102,IBM,256.03,8
2025.05.23D11:44:12.679335821,IBM,256.03,16
2025.05.23D11:44:12.688267101,IBM,256.03,8
2025.05.23D11:44:13.464424229,IBM,256.93,1
2025.05.23D11:44:13.518568220,IBM,256.03,50
2025.05.23D11:44:13.519247833,IBM,256.03,5
2025.05.23D11:44:13.521115285,IBM,256.03,5
2025.05.23D11:44:13.667997095,IBM,256.03,8
2025.05.23D11:44:13.787471436,IBM,256.03,8
2025.05.23D11:44:13.838509055,IBM,256.03,8
2025.05.23D11:44:13.859956117,IBM,256.03,8
2025.05.23D11:44:13.861991908,IBM,256.02,8
2025.05.23D11:44:13.862563239,IBM,256.02,8
2025.05.23D11:44:13.867873908,IBM,256.02,8
2025.05.23D11:44:13.894863276,IBM,256.02,16
2025.05.23D11:44:13.902140513,IBM,256.02,8
2025.05.23D11:44:13.911868768,IBM,256.02,8
2025.05.23D11:44:13.920030104,IBM,256.02,8
2025.05.23D11:44:14.064040027,IBM,256.03,48
2025.05.23D11:44:14.621663895,IBM,256.02,8
2025.05.23D11:44:15.671923837,IBM,256.02,8
2025.05.23D11:44:21.578089808,IBM,256.8,10
2025.05.23D11:44:21.578104874,IBM,257,15
2025.05.23D11:44:21.578146922,IBM,256.75,5
2025.05.23D11:44:37.504635921,IBM,256.02,8
2025.05.23D11:44:37.505847899,IBM,256.02,7
2025.05.23D11:44:37.506873333,IBM,256.06,17
2025.05.23D11:44:37.506999642,IBM,256.05,2
2025.05.23D11:44:37.509357217,IBM,256.06,8
2025.05.23D11:44:39.452987318,IBM,256.06,16
2025.05.23D11:44:39.803465892,IBM,256.06,8
2025.05.23D11:44:39.809107334,IBM,256.01,2
2025.05.23D11:44:39.809113270,IBM,256,6
2025.05.23D11:44:39.809146580,IBM,256,1
2025.05.23D11:44:39.809146580,IBM,256,1
2025.05.23D11:44:39.809248584,IBM,256,93
2025.05.23D11:44:39.809254864,IBM,256,1
2025.05.23D11:44:39.809257712,IBM,256,10
2025.05.23D11:44:39.809260639,IBM,256,1
2025.05.23D11:44:42.054677502,IBM,255.99,5
2025.05.23D11:44:42.765185539,IBM,255.82,2
2025.05.23D11:44:42.765426103,IBM,255.82,1
2025.05.23D11:44:44.517722736,IBM,255.55,7
2025.05.23D11:44:44.518417635,IBM,255.53,1
2025.05.23D11:44:44.688742882,IBM,255.54,8
2025.05.23D11:44:46.056411642,IBM,255.77,12
2025.05.23D11:44:46.056745607,IBM,255.77,12
2025.05.23D11:44:46.057488148,IBM,255.52,14
2025.05.23D11:44:47.793606179,IBM,255.52,16
2025.05.23D11:44:47.795055624,IBM,255.52,8
2025.05.23D11:44:47.995332581,IBM,255.52,8
2025.05.23D11:44:48.318845858,IBM,255.52,16
2025.05.23D11:44:48.318951168,IBM,255.52,2
2025.05.23D11:44:48.819014886,IBM,255.52,16
2025.05.23D11:44:48.820912628,IBM,255.52,8
2025.05.23D11:44:48.824403776,IBM,255.52,8
2025.05.23D11:44:49.171772957,IBM,255.52,8
2025.05.23D11:44:49.176653570,IBM,255.52,8
2025.05.23D11:44:49.177023365,IBM,255.52,8
2025.05.23D11:44:49.177859427,IBM,255.52,8
2025.05.23D11:44:49.178695427,IBM,255.52,8
2025.05.23D11:44:49.182974584,IBM,255.52,25
2025.05.23D11:44:49.183037795,IBM,255.52,5
2025.05.23D11:44:49.183777472,IBM,255.52,10
2025.05.23D11:44:49.183975983,IBM,255.52,5
2025.05.23D11:44:49.187004212,IBM,255.52,5
2025.05.23D11:44:49.192062193,IBM,255.52,8
2025.05.23D11:45:02.317221456,IBM,255.8,6
2025.05.23D11:46:01.951101639,IBM,255.51,2
2025.05.23D11:46:01.951107691,IBM,255.3,6
2025.05.23D11:46:02.156809505,IBM,255.31,8
2025.05.23D11:46:02.157411019,IBM,255.31,10
2025.05.23D11:46:02.164066273,IBM,255.31,8
2025.05.23D11:46:23.514029102,IBM,255.38,24
2025.05.23D11:46:23.514895157,IBM,255.38,16
2025.05.23D11:46:23.521664211,IBM,255.38,8
2025.05.23D11:46:23.528541569,IBM,255.38,8
2025.05.23D11:47:09.071672971,IBM,255.48,15
2025.05.23D11:47:24.176006669,IBM,255.77,1
2025.05.23D11:47:46.078259279,IBM,255.39,19
2025.05.23D11:47:47.437595131,IBM,255.76,1
2025.05.23D11:47:47.437598127,IBM,255.76,4
2025.05.23D11:47:47.437601084,IBM,255.77,1
2025.05.23D11:48:45.886651301,IBM,255.3,4
2025.05.23D11:48:45.886879901,IBM,255.21,13
2025.05.23D11:48:45.886952004,IBM,255.21,4
2025.05.23D11:48:45.887514343,IBM,255.21,8
2025.05.23D11:48:46.061746345,IBM,255.16,1
2025.05.23D11:48:49.171123344,IBM,255.1,25
2025.05.23D11:50:59.603332801,IBM,255.32,1
2025.05.23D11:50:59.603432005,IBM,255.08,4
2025.05.23D11:51:14.894597928,IBM,255.13,4
2025.05.23D11:51:15.360485346,IBM,256.64,4
2025.05.23D11:52:03.045430708,IBM,255.11,60
2025.05.23D11:52:03.045433775,IBM,255.09,1
2025.05.23D11:52:03.045436734,IBM,255.09,54
2025.05.23D11:52:03.045451742,IBM,255.03,60
2025.05.23D11:52:03.045455373,IBM,255.01,100
2025.05.23D11:52:03.045455373,IBM,255.01,100
2025.05.23D11:52:03.045469788,IBM,255,1
2025.05.23D11:52:03.045478943,IBM,255,1
2025.05.23D11:52:03.045478943,IBM,255,1
2025.05.23D11:52:03.045484888,IBM,255,7
2025.05.23D11:52:03.045493856,IBM,255,2
2025.05.23D11:52:03.045493856,IBM,255,1
2025.05.23D11:52:03.045505875,IBM,255,1
2025.05.23D11:52:03.045511952,IBM,255,40
2025.05.23D11:52:03.045632334,IBM,255.08,7
2025.05.23D11:52:03.045632334,IBM,255.03,60
2025.05.23D11:52:03.045636221,IBM,255,1
2025.05.23D11:52:03.045636221,IBM,255,25
2025.05.23D11:52:03.046020144,IBM,255,160
2025.05.23D11:52:03.046026980,IBM,255.08,2
2025.05.23D11:52:03.046026980,IBM,255,1
2025.05.23D11:52:03.046032931,IBM,255,1
2025.05.23D11:52:03.046032931,IBM,255,5
2025.05.23D11:52:03.046035182,IBM,255,4
2025.05.23D11:52:03.046038210,IBM,255,2
2025.05.23D11:52:03.047316191,IBM,255,16
2025.05.23D11:52:03.047499584,IBM,255,84
2025.05.23D11:52:03.047499584,IBM,255,16
2025.05.23D11:52:03.047524472,IBM,255,84
2025.05.23D11:52:03.047524472,IBM,255,6
2025.05.23D11:52:03.047529745,IBM,255,94
2025.05.23D11:52:03.047529745,IBM,255,3
2025.05.23D11:53:59.502756415,IBM,255.5,2
2025.05.23D11:58:04.121295346,IBM,255.1,1
2025.05.23D11:58:23.129053323,IBM,255.01,2
2025.05.23D11:58:40.476696122,IBM,255.01,1
2025.05.23D11:58:40.476699142,IBM,255,1
2025.05.23D11:58:40.477252615,IBM,255.01,98
2025.05.23D11:58:40.477255516,IBM,255,2
2025.05.23D11:58:40.481820355,IBM,255,10
2025.05.23D11:58:40.483699906,IBM,255,10
2025.05.23D11:58:43.880678859,IBM,255,2
2025.05.23D11:58:43.880817325,IBM,255,78
2025.05.23D12:00:00.141054550,IBM,257.3012,1
2025.05.23D12:00:00.155290497,IBM,257.75,5
2025.05.23D12:00:00.171198371,IBM,257.98,10
2025.05.23D12:00:00.183127716,IBM,255,25
2025.05.23D12:00:00.183939813,IBM,257.98,5
2025.05.23D12:00:00.201594708,IBM,255,6
2025.05.23D12:00:00.226124176,IBM,255.01,3
2025.05.23D12:00:00.340585761,IBM,258.365,1
2025.05.23D12:00:00.461242058,IBM,257.8775,1
2025.05.23D12:00:00.469367401,IBM,257.8775,1
2025.05.23D12:00:00.634568836,IBM,257.925,1
2025.05.23D12:00:01.316226131,IBM,254.9655,1
2025.05.23D12:00:01.328002144,IBM,254.9655,1
2025.05.23D12:00:01.352197820,IBM,257.76,25
2025.05.23D12:00:01.577316848,IBM,255.5,9
2025.05.23D12:00:01.624063161,IBM,255.01,20
2025.05.23D12:00:01.686148992,IBM,255.01,40
2025.05.23D12:00:02.863121632,IBM,255.2,10
2025.05.23D12:00:03.017217615,IBM,255.0005,20
2025.05.23D12:00:03.420995172,IBM,255.0003,40
2025.05.23D12:00:03.513546685,IBM,255,10
2025.05.23D12:00:03.624799556,IBM,255.0001,1
2025.05.23D12:00:03.651984275,IBM,255,28
2025.05.23D12:00:05.310264768,IBM,258.37,1
2025.05.23D12:00:06.966990829,IBM,255,4
2025.05.23D12:00:07.392113136,IBM,258.59,2
2025.05.23D12:00:08.410894111,IBM,258.7,1
2025.05.23D12:00:08.954931549,IBM,255,1
2025.05.23D12:00:08.997425867,IBM,256.7063,10
2025.05.23D12:00:09.186209344,IBM,256.8,1
2025.05.23D12:00:09.409241376,IBM,253.9,5
2025.05.23D12:00:18.455794285,IBM,259,1
2025.05.23D12:00:18.456287494,IBM,259,1
2025.05.23D12:00:18.456774614,IBM,258.9,1
2025.05.23D12:00:18.457213601,IBM,258.5,1
2025.05.23D12:00:19.347402453,IBM,258.5,9
2025.05.23D12:00:19.396770954,IBM,258.5,4
2025.05.23D12:00:21.502403202,IBM,259,1
2025.05.23D12:00:21.503191072,IBM,258,1
2025.05.23D12:00:27.723427664,IBM,255,2
2025.05.23D12:00:29.450593376,IBM,258.37,1
2025.05.23D12:00:30.280398367,IBM,254.82,10
2025.05.23D12:00:37.019081694,IBM,258.37,1
2025.05.23D12:00:42.748850637,IBM,258.37,1
2025.05.23D12:00:45.378227721,IBM,254.79,1
2025.05.23D12:00:45.479448743,IBM,254.79,1
2025.05.23D12:00:45.584272308,IBM,254.79,1
2025.05.23D12:00:50.002762998,IBM,254.82,1
2025.05.23D12:01:03.238681625,IBM,254.7,7
2025.05.23D12:01:03.887248108,IBM,254.79,1
2025.05.23D12:01:03.961341594,IBM,254.79,1
2025.05.23D12:01:03.993256622,IBM,254.79,1
2025.05.23D12:01:04.021602147,IBM,254.79,1
2025.05.23D12:01:04.093497321,IBM,254.79,1
2025.05.23D12:01:04.123668241,IBM,254.79,1
2025.05.23D12:01:04.193497557,IBM,254.79,1
2025.05.23D12:01:06.361206220,IBM,254.51,25
2025.05.23D12:01:06.361500879,IBM,254.61,2
2025.05.23D12:01:06.361543089,IBM,254.55,2
2025.05.23D12:01:22.148797080,IBM,254.59,1
2025.05.23D12:01:24.872686325,IBM,254.49,1
2025.05.23D12:01:24.872974964,IBM,254.47,1
2025.05.23D12:01:24.873134376,IBM,254.47,1
2025.05.23D12:02:01.257878458,IBM,258.37,1
2025.05.23D12:02:01.939102588,IBM,258.37,1
2025.05.23D12:02:02.232294686,IBM,258.37,1
2025.05.23D12:02:03.764274677,IBM,258.37,1
2025.05.23D12:02:04.479513102,IBM,258.37,1
2025.05.23D12:02:04.827937606,IBM,258.37,1
2025.05.23D12:02:05.384887874,IBM,258.37,1
2025.05.23D12:02:05.964406841,IBM,258.37,1
2025.05.23D12:02:13.009962289,IBM,258.37,1
2025.05.23D12:02:13.092665199,IBM,258.37,1
2025.05.23D12:02:21.210736002,IBM,258.37,1
2025.05.23D12:02:21.211893754,IBM,258.37,1
2025.05.23D12:02:22.758750253,IBM,258.37,1
2025.05.23D12:02:24.683793173,IBM,255,1
2025.05.23D12:02:27.278010637,IBM,258.37,1
2025.05.23D12:02:29.145205003,IBM,258.37,1
2025.05.23D12:02:38.231861076,IBM,258.37,1
2025.05.23D12:02:45.502093029,IBM,258.37,1
2025.05.23D12:02:55.338241823,IBM,258.37,1
2025.05.23D12:04:52.766049149,IBM,254.61,1
2025.05.23D12:05:10.173633759,IBM,253.6,1
2025.05.23D12:05:41.005051014,IBM,254.56,9
2025.05.23D12:05:41.005345665,IBM,254.55,1
2025.05.23D12:05:41.006019253,IBM,254.58,190
2025.05.23D12:05:52.158703883,IBM,254.59,9
2025.05.23D12:05:52.158703883,IBM,254.61,10
2025.05.23D12:05:52.510929177,IBM,253.6,40
2025.05.23D12:05:57.109804137,IBM,254.63,41
2025.05.23D12:05:57.281711462,IBM,254.74,41
2025.05.23D12:06:09.555609633,IBM,254.3,1
2025.05.23D12:06:27.545281095,IBM,254.7407,1
2025.05.23D12:06:34.320378090,IBM,254.3,500
2025.05.23D12:06:58.514862344,IBM,254.41,5
2025.05.23D12:07:06.780750217,IBM,254.43,10
2025.05.23D12:07:06.780819374,IBM,254.43,10
2025.05.23D12:07:06.780876619,IBM,254.43,10
2025.05.23D12:07:06.780930731,IBM,254.43,10
2025.05.23D12:07:06.780984891,IBM,254.43,10
2025.05.23D12:07:12.996557723,IBM,254.43,10
2025.05.23D12:07:12.996623874,IBM,254.43,10
2025.05.23D12:07:12.996681018,IBM,254.43,10
2025.05.23D12:07:29.676090677,IBM,254.41,10
2025.05.23D12:07:29.676153802,IBM,254.41,10
2025.05.23D12:07:29.676210954,IBM,254.41,10
2025.05.23D12:07:29.676265109,IBM,254.41,3
2025.05.23D12:08:06.129623819,IBM,254.42,3
2025.05.23D12:08:11.977213273,IBM,254.67,100
2025.05.23D12:08:13.167679039,IBM,254.26,25
2025.05.23D12:08:13.167733192,IBM,254.24,1
2025.05.23D12:08:13.167757195,IBM,254.24,10
2025.05.23D12:08:13.167799268,IBM,254.3,1
2025.05.23D12:08:13.168247502,IBM,254.24,89
2025.05.23D12:08:26.580310576,IBM,254.47,16
2025.05.23D12:08:42.363192359,IBM,254.5,5
2025.05.23D12:08:42.363300543,IBM,254.69,10
2025.05.23D12:08:42.363303598,IBM,254.7,2
2025.05.23D12:08:42.363327699,IBM,254.7,3
2025.05.23D12:08:42.363474965,IBM,254.62,1
2025.05.23D12:08:42.363474965,IBM,254.67,10
2025.05.23D12:08:42.363562218,IBM,254.67,1
2025.05.23D12:08:54.843673091,IBM,254.67,10
2025.05.23D12:08:54.844142179,IBM,254.71,6
2025.05.23D12:09:00.900284385,IBM,254.71,10
2025.05.23D12:09:00.900332368,IBM,254.71,4
2025.05.23D12:09:00.900548786,IBM,254.71,14
2025.05.23D12:09:00.900918673,IBM,254.71,1
2025.05.23D12:09:00.901041965,IBM,254.71,4
2025.05.23D12:09:02.146983912,IBM,254.77,16
2025.05.23D12:09:02.251855585,IBM,254.77,9
2025.05.23D12:09:09.803407560,IBM,254.7,3
2025.05.23D12:09:09.803603005,IBM,254.7,11
2025.05.23D12:09:09.803681258,IBM,254.7,13
2025.05.23D12:09:20.950272775,IBM,254.69,4
2025.05.23D12:09:20.950320914,IBM,254.69,8
2025.05.23D12:09:20.950549373,IBM,254.69,12
2025.05.23D12:09:20.950783972,IBM,254.7,10
2025.05.23D12:09:28.075388372,IBM,254.51,1
2025.05.23D12:09:39.169793752,IBM,254.54,13
2025.05.23D12:09:39.170344032,IBM,254.54,12
2025.05.23D12:09:44.080704403,IBM,254.51,10
2025.05.23D12:09:44.080704403,IBM,254.5,2
2025.05.23D12:09:44.081025590,IBM,254.5,8
2025.05.23D12:09:44.081025590,IBM,254.47,5
2025.05.23D12:09:49.077372002,IBM,254.5,6
2025.05.23D12:09:49.077429058,IBM,254.45,7
2025.05.23D12:09:49.077747812,IBM,254.45,14
2025.05.23D12:09:54.073607093,IBM,254.44,14
2025.05.23D12:09:54.073931891,IBM,254.44,14
2025.05.23D12:09:54.276470148,IBM,254.4,7
2025.05.23D12:09:54.276870089,IBM,254.5,2
2025.05.23D12:09:59.096028589,IBM,254.48,12
2025.05.23D12:09:59.096431548,IBM,254.48,14
2025.05.23D12:10:04.177622152,IBM,254.52,14
2025.05.23D12:10:04.178070211,IBM,254.5,6
2025.05.23D12:10:04.178172763,IBM,254.49,14
2025.05.23D12:10:04.178172763,IBM,254.49,14
2025.05.23D12:10:04.178554361,IBM,254.49,2
2025.05.23D12:10:13.005383098,IBM,253.74,1
2025.05.23D12:10:14.658837250,IBM,254.49,5
2025.05.23D12:10:18.452788511,IBM,254.47,10
2025.05.23D12:10:20.594921561,IBM,254.48,13
2025.05.23D12:10:24.180551879,IBM,254.49,14
2025.05.23D12:10:24.180876674,IBM,254.49,12
2025.05.23D12:10:29.938257145,IBM,254.4,14
2025.05.23D12:10:29.938323398,IBM,254.4,10
2025.05.23D12:10:29.938479702,IBM,254.4,12
2025.05.23D12:10:33.546483218,IBM,254.4,20
2025.05.23D12:10:33.900314777,IBM,254.3,2
2025.05.23D12:10:34.976941489,IBM,254.4,10
2025.05.23D12:10:34.977007579,IBM,254.4,10
2025.05.23D12:10:34.977061730,IBM,254.4,6
2025.05.23D12:10:46.584545835,IBM,254.57,5
2025.05.23D12:10:58.017172535,IBM,254.8,10
2025.05.23D12:10:59.095865221,IBM,254.59,13
2025.05.23D12:10:59.196764317,IBM,254.59,12
2025.05.23D12:11:03.180816236,IBM,254.7,16
2025.05.23D12:11:04.732030143,IBM,254.58,3
2025.05.23D12:11:04.732078184,IBM,254.58,11
2025.05.23D12:11:04.732285658,IBM,254.58,13
2025.05.23D12:11:24.615202794,IBM,254.61,14
2025.05.23D12:11:24.615482470,IBM,254.61,12
2025.05.23D12:11:24.640847790,IBM,254.7,5
2025.05.23D12:11:24.641900516,IBM,254.9,3
2025.05.23D12:11:25.685063436,IBM,254.62,14
2025.05.23D12:11:25.685135502,IBM,254.62,13
2025.05.23D12:11:26.748383348,IBM,254.56,13
2025.05.23D12:11:26.852990499,IBM,254.58,13
2025.05.23D12:11:29.571033796,IBM,254.58,12
2025.05.23D12:11:29.571587428,IBM,254.58,14
2025.05.23D12:11:34.286598661,IBM,254.55,12
2025.05.23D12:11:34.286917426,IBM,254.55,12
2025.05.23D12:11:35.467489553,IBM,253.7889,300
2025.05.23D12:11:40.827594185,IBM,254.56,13
2025.05.23D12:11:45.283677211,IBM,254.59,12
2025.05.23D12:11:45.283968812,IBM,254.59,13
2025.05.23D12:11:59.344956359,IBM,254.58,1
2025.05.23D12:12:00.773186256,IBM,254.9685,1
2025.05.23D12:12:14.077301452,IBM,254.51,14
2025.05.23D12:12:14.077623199,IBM,254.51,13
2025.05.23D12:12:19.344758502,IBM,254.5,14
2025.05.23D12:12:23.012679607,IBM,254.49,25
2025.05.23D12:13:19.830227820,IBM,254.3,1
2025.05.23D12:13:26.921558110,IBM,254.5,1
2025.05.23D12:13:34.089643114,IBM,254.3,1
2025.05.23D12:14:20.687706577,IBM,254.3,10
2025.05.23D12:14:23.698548025,IBM,254.24,10
2025.05.23D12:14:39.527138590,IBM,254.3,8
2025.05.23D12:14:39.539979165,IBM,254.3,2
2025.05.23D12:14:39.540872308,IBM,254.3,6
2025.05.23D12:14:53.650061617,IBM,254.3,4
2025.05.23D12:14:53.651769677,IBM,254.61,4
2025.05.23D12:14:57.279809873,IBM,254.59,24
2025.05.23D12:14:57.285634733,IBM,254.59,8
2025.05.23D12:15:21.693480576,IBM,254.67,8
2025.05.23D12:15:41.647790434,IBM,254.77,16
2025.05.23D12:15:41.648677570,IBM,254.77,8
2025.05.23D12:15:41.661960236,IBM,254.78,8
2025.05.23D12:16:01.071041800,IBM,254.5,1
2025.05.23D12:16:02.602195647,IBM,254.29,10
2025.05.23D12:16:02.602195647,IBM,254.27,7
2025.05.23D12:16:03.587127171,IBM,254.64,8
2025.05.23D12:16:03.591240986,IBM,254.64,8
2025.05.23D12:16:08.093748535,IBM,254.64,8
2025.05.23D12:16:08.094106353,IBM,254.64,24
2025.05.23D12:16:15.927462421,IBM,254.59,29
2025.05.23D12:17:01.316584278,IBM,254.67,8
2025.05.23D12:17:08.507742899,IBM,254.8,10
2025.05.23D12:17:08.515224827,IBM,254.9,6
2025.05.23D12:17:13.205568628,IBM,254.7,24
2025.05.23D12:17:13.208112741,IBM,254.7,8
2025.05.23D12:17:18.255640979,IBM,254.73,8
2025.05.23D12:17:18.260843386,IBM,254.75,14
2025.05.23D12:17:18.260933596,IBM,254.75,8
2025.05.23D12:17:18.260957677,IBM,254.75,5
2025.05.23D12:17:21.108266785,IBM,254.72,14
2025.05.23D12:17:21.108351032,IBM,254.72,8
2025.05.23D12:17:21.108378047,IBM,254.72,5
2025.05.23D12:17:22.063449321,IBM,254.37,1
2025.05.23D12:17:24.151234138,IBM,254.67,14
2025.05.23D12:17:24.151501660,IBM,254.67,12
2025.05.23D12:17:24.154030549,IBM,254.79,8
2025.05.23D12:17:41.104403529,IBM,254.75,14
2025.05.23D12:17:41.104596082,IBM,254.75,14
2025.05.23D12:17:41.104620083,IBM,254.75,14
2025.05.23D12:17:41.104695282,IBM,254.77,12
2025.05.23D12:17:41.274419489,IBM,254.67,2
2025.05.23D12:18:09.269684383,IBM,254.78,13
2025.05.23D12:18:09.270174525,IBM,254.78,12
2025.05.23D12:18:11.370011762,IBM,254.79,80
2025.05.23D12:19:40.685957726,IBM,254.5,10
2025.05.23D12:20:29.414781028,IBM,254.92,500
2025.05.23D12:21:15.746726350,IBM,255,3
2025.05.23D12:22:01.684504753,IBM,254.85,1
2025.05.23D12:22:24.778064836,IBM,254.9,50
2025.05.23D12:22:24.778076830,IBM,254.96,50
2025.05.23D12:22:24.851186951,IBM,254.61,1
2025.05.23D12:22:53.155290680,IBM,254.92,1
2025.05.23D12:23:25.322299829,IBM,254.55,3
2025.05.23D12:24:26.502335805,IBM,254.9,8
2025.05.23D12:24:30.343953504,IBM,254.9,42
2025.05.23D12:24:30.344916227,IBM,254.9,14
2025.05.23D12:24:30.357618081,IBM,254.9,8
2025.05.23D12:24:39.075064329,IBM,254.9,16
2025.05.23D12:24:39.079505952,IBM,254.9,8
2025.05.23D12:24:43.291428654,IBM,254.9,4
2025.05.23D12:24:43.291428654,IBM,254.9,3
2025.05.23D12:24:43.291681247,IBM,254.9,56
2025.05.23D12:24:43.292339788,IBM,254.89,1
2025.05.23D12:24:43.303727901,IBM,254.92,3
2025.05.23D12:25:06.041243140,IBM,254.99,8
2025.05.23D12:25:08.409403377,IBM,254.99,8
2025.05.23D12:25:08.411908266,IBM,254.99,8
2025.05.23D12:25:11.332044976,IBM,254.99,8
2025.05.23D12:25:11.342185009,IBM,254.99,8
2025.05.23D12:25:18.749967504,IBM,254.62,3
2025.05.23D12:25:18.750027703,IBM,254.65,2
2025.05.23D12:25:30.759457991,IBM,254.99,8
2025.05.23D12:25:30.760426327,IBM,254.99,8
2025.05.23D12:25:32.837923312,IBM,254.5001,5
2025.05.23D12:25:34.172597445,IBM,254.99,40
2025.05.23D12:25:34.176918878,IBM,254.99,4
2025.05.23D12:25:34.176918878,IBM,254.99,4
2025.05.23D12:25:38.529149477,IBM,254.99,24
2025.05.23D12:25:40.809774150,IBM,254.99,32
2025.05.23D12:25:40.818519011,IBM,254.99,8
2025.05.23D12:25:43.292771756,IBM,254.99,8
2025.05.23D12:25:43.293532557,IBM,254.99,20
2025.05.23D12:25:43.294260220,IBM,254.98,20
2025.05.23D12:25:43.300394851,IBM,254.99,8
2025.05.23D12:25:50.227176144,IBM,254.975,4
2025.05.23D12:25:54.741333396,IBM,254.99,8
2025.05.23D12:26:02.645234361,IBM,254.99,8
2025.05.23D12:26:25.602474047,IBM,254.51,1
2025.05.23D12:26:25.888085169,IBM,254.99,8
2025.05.23D12:26:28.392355449,IBM,254.99,8
2025.05.23D12:26:34.172816175,IBM,254.99,68
2025.05.23D12:26:34.172819128,IBM,255,100
2025.05.23D12:26:34.172822146,IBM,255,32
2025.05.23D12:26:34.172882547,IBM,255,68
2025.05.23D12:26:34.172882547,IBM,255,100
2025.05.23D12:26:34.172885234,IBM,255,16
2025.05.23D12:26:34.172897342,IBM,255,34
2025.05.23D12:26:34.172906364,IBM,255,4
2025.05.23D12:26:34.172912332,IBM,254.96,100
2025.05.23D12:26:34.173041606,IBM,254.93,2
2025.05.23D12:26:34.173101807,IBM,254.93,2
2025.05.23D12:26:34.173516747,IBM,254.93,2
2025.05.23D12:26:34.275886588,IBM,255.01,25
2025.05.23D12:26:34.430707233,IBM,255.08,3
2025.05.23D12:26:34.430812508,IBM,255.08,3
2025.05.23D12:26:36.626728400,IBM,255.1,3
2025.05.23D12:26:36.669568373,IBM,255,100
2025.05.23D12:26:42.433291258,IBM,255.33,8
2025.05.23D12:26:50.958426482,IBM,255.5,1
2025.05.23D12:26:55.909403754,IBM,255.47,8
2025.05.23D12:26:57.568460432,IBM,255.47,8
2025.05.23D12:26:57.569464847,IBM,255.47,8
2025.05.23D12:27:03.738835610,IBM,255.47,16
2025.05.23D12:27:03.739473080,IBM,255.47,8
2025.05.23D12:27:08.868982668,IBM,255.48,40
2025.05.23D12:27:08.879928754,IBM,255.5,1
2025.05.23D12:27:51.190205642,IBM,255.84,8
2025.05.23D12:27:55.156969590,IBM,255.84,8
2025.05.23D12:27:55.163919101,IBM,255.84,8
2025.05.23D12:28:01.803708984,IBM,255.84,8
2025.05.23D12:28:01.811948670,IBM,255.84,8
2025.05.23D12:28:01.871866486,IBM,255.84,30
2025.05.23D12:28:02.827599122,IBM,255.84,8
2025.05.23D12:28:04.289969450,IBM,255.84,8
2025.05.23D12:28:11.278018682,IBM,255.24,10
2025.05.23D12:28:11.278021676,IBM,255.01,60
2025.05.23D12:28:11.278021676,IBM,254.98,8
2025.05.23D12:28:17.733313295,IBM,255.84,8
2025.05.23D12:28:19.257002556,IBM,255.84,24
2025.05.23D12:28:32.362022325,IBM,255.95,16
2025.05.23D12:28:32.367967515,IBM,255.95,8
2025.05.23D12:29:08.613829527,IBM,255.97,32
2025.05.23D12:29:19.920137517,IBM,255.97,8
2025.05.23D12:29:19.922801809,IBM,255.97,8
2025.05.23D12:29:19.949613755,IBM,255.98,8
2025.05.23D12:29:31.879245860,IBM,255.03,10
2025.05.23D12:29:32.422378226,IBM,256,100
2025.05.23D12:29:42.289684782,IBM,256,1
2025.05.23D12:30:58.310221920,IBM,255.92,1
2025.05.23D12:31:01.026764852,IBM,255.07,1
2025.05.23D12:31:24.885515063,IBM,255.93,10
2025.05.23D12:31:24.885515063,IBM,255.98,96
2025.05.23D12:31:24.885518014,IBM,256,300
2025.05.23D12:31:24.886919339,IBM,256,108
2025.05.23D12:31:59.001546256,IBM,255.07,1
2025.05.23D12:32:05.229259007,IBM,256.02,60
2025.05.23D12:32:05.229259007,IBM,255.99,21
2025.05.23D12:32:05.960056985,IBM,256.02,60
2025.05.23D12:32:05.960056985,IBM,255.99,19
2025.05.23D12:32:26.269424652,IBM,256.02,2
2025.05.23D12:33:29.928796100,IBM,256.02,1
2025.05.23D12:33:34.960867643,IBM,256,1
2025.05.23D12:33:40.007605216,IBM,256,20
2025.05.23D12:33:40.007662252,IBM,256,80
2025.05.23D12:33:42.867105370,IBM,256.01,25
2025.05.23D12:33:42.867757934,IBM,256.01,25
2025.05.23D12:33:42.867809091,IBM,256.01,10
2025.05.23D12:33:42.867863181,IBM,256.01,10
2025.05.23D12:33:42.867920294,IBM,256.01,10
2025.05.23D12:33:42.867974450,IBM,256.01,10
2025.05.23D12:33:42.868028589,IBM,256.01,10
2025.05.23D12:33:42.868079661,IBM,256.01,10
2025.05.23D12:33:42.868133749,IBM,256.01,10
2025.05.23D12:33:42.868190897,IBM,256.01,1
2025.05.23D12:33:43.472594168,IBM,256.47,25
2025.05.23D12:34:43.340169610,IBM,256.4,35
2025.05.23D12:34:56.924964749,IBM,256.08,3
2025.05.23D12:35:14.168472702,IBM,256.4,15
2025.05.23D12:35:21.085781520,IBM,256,4
2025.05.23D12:35:46.639466612,IBM,256.08,50
2025.05.23D12:35:46.639466612,IBM,256.03,50
2025.05.23D12:36:21.574440722,IBM,257,1
2025.05.23D12:36:46.353318990,IBM,256,2
2025.05.23D12:37:14.117580388,IBM,256.06,50
2025.05.23D12:37:14.117580388,IBM,256.03,60
2025.05.23D12:37:14.117583253,IBM,256.01,85
2025.05.23D12:37:23.646800573,IBM,256.01,15
2025.05.23D12:37:23.646800573,IBM,256.01,85
2025.05.23D12:37:23.646803500,IBM,256,95
2025.05.23D12:37:32.581258541,IBM,256.01,100
2025.05.23D12:37:35.992801206,IBM,256.01,100
2025.05.23D12:37:46.407383704,IBM,256.01,100
2025.05.23D12:38:02.525362582,IBM,256.5,2
2025.05.23D12:39:36.942550745,IBM,256.01,10
2025.05.23D12:40:16.806228518,IBM,256.05,1
2025.05.23D12:40:20.172706887,IBM,256.05,9
2025.05.23D12:40:20.172706887,IBM,256.02,1
2025.05.23D12:40:20.172712018,IBM,256,5
2025.05.23D12:40:20.172712018,IBM,256,35
2025.05.23D12:40:30.660284760,IBM,256,65
2025.05.23D12:40:30.660284760,IBM,256,83
2025.05.23D12:40:30.882224687,IBM,255.8,8
2025.05.23D12:40:30.882287869,IBM,255.8,2
2025.05.23D12:40:36.040056430,IBM,255.9,50
2025.05.23D12:40:36.040056430,IBM,255.99,10
2025.05.23D12:41:16.868857726,IBM,256.6,1
2025.05.23D12:43:05.160902343,IBM,255.9,1
2025.05.23D12:44:49.741710856,IBM,256.99,10
2025.05.23D12:45:12.224156037,IBM,255.5,5
2025.05.23D12:45:27.667811880,IBM,256,5
2025.05.23D12:45:56.657289717,IBM,256,2
2025.05.23D12:46:26.373493002,IBM,256,1
2025.05.23D12:47:11.664597034,IBM,255.5,4
2025.05.23D12:47:22.402190808,IBM,256,20
2025.05.23D12:47:25.264986825,IBM,255.5,2
2025.05.23D12:47:25.328873887,IBM,255.97,2
2025.05.23D12:47:25.737520038,IBM,255.97,2
2025.05.23D12:49:35.673111473,IBM,256,1
2025.05.23D12:49:40.139578540,IBM,255.4,124
2025.05.23D12:50:37.359677198,IBM,255.6,10
2025.05.23D12:50:37.359764457,IBM,255.6,10
2025.05.23D12:50:37.359830586,IBM,255.6,10
2025.05.23D12:50:37.602872337,IBM,255.6,10
2025.05.23D12:50:37.602941481,IBM,255.6,10
2025.05.23D12:50:59.387536088,IBM,255.6,20
2025.05.23D12:51:08.679689798,IBM,255.61,1
2025.05.23D12:52:13.778510264,IBM,255.61,1
2025.05.23D12:52:16.525512558,IBM,255.163,10
2025.05.23D12:52:22.203188457,IBM,256,1
2025.05.23D12:52:57.835030578,IBM,255.61,25
2025.05.23D12:53:28.008475851,IBM,255.6,50
2025.05.23D12:53:28.008475851,IBM,255.12,10
2025.05.23D12:54:01.508881050,IBM,255.34,5
2025.05.23D12:54:53.733711994,IBM,255,1
2025.05.23D12:56:11.403207789,IBM,255,5
2025.05.23D12:56:14.342211280,IBM,255.36,2
2025.05.23D12:58:45.008612073,IBM,255.98,1
2025.05.23D13:03:06.735350562,IBM,255.4,3
2025.05.23D13:03:13.650112177,IBM,255.6,4
2025.05.23D13:03:14.802158855,IBM,255.94,30
2025.05.23D13:03:14.802158855,IBM,255.95,20
2025.05.23D13:03:48.176906675,IBM,255.025,15
2025.05.23D13:04:05.917816916,IBM,255,78
2025.05.23D13:06:03.390651667,IBM,255.35,10
2025.05.23D13:07:51.770499196,IBM,255.35,2
2025.05.23D13:08:22.405449999,IBM,255.6,10
2025.05.23D13:08:27.208409115,IBM,255.6,47
2025.05.23D13:08:32.450464614,IBM,255.6,3
2025.05.23D13:08:34.674711097,IBM,255.6,30
2025.05.23D13:08:50.402149803,IBM,255.6,50
2025.05.23D13:09:00.928379185,IBM,255.6,16
2025.05.23D13:09:24.114878710,IBM,255.44,2
2025.05.23D13:09:29.333072467,IBM,255.78,8
2025.05.23D13:11:07.130420371,IBM,255.6,50
2025.05.23D13:11:07.130423376,IBM,255.47,50
2025.05.23D13:11:16.624432715,IBM,256,3
2025.05.23D13:11:40.563924986,IBM,255.44,1
2025.05.23D13:11:40.564439193,IBM,255.51,1
2025.05.23D13:11:41.069660423,IBM,255.69,1
2025.05.23D13:11:45.583405444,IBM,255.44,1
2025.05.23D13:12:20.341287972,IBM,255.67,20
2025.05.23D13:12:37.317182486,IBM,255.7,96
2025.05.23D13:12:37.317242674,IBM,255.7,10
2025.05.23D13:12:39.117771335,IBM,255.72,25
2025.05.23D13:12:39.157152930,IBM,256,80
2025.05.23D13:12:40.248009494,IBM,255.8,5
2025.05.23D13:12:41.575634800,IBM,255.98,1
2025.05.23D13:12:41.770207184,IBM,256,1
2025.05.23D13:12:56.218859466,IBM,255.97,60
2025.05.23D13:12:56.218865494,IBM,255.98,96
2025.05.23D13:12:56.218865494,IBM,255.99,100
2025.05.23D13:12:56.218868440,IBM,255.99,100
2025.05.23D13:12:56.218871507,IBM,256,38
2025.05.23D13:13:09.074627840,IBM,255.99,19
2025.05.23D13:13:37.377618779,IBM,258.37,1
2025.05.23D13:13:46.858078256,IBM,255.94,1
2025.05.23D13:14:26.159164025,IBM,255.45,3
2025.05.23D13:14:42.858754502,IBM,255.9,2
2025.05.23D13:16:11.533275620,IBM,255.45,20
2025.05.23D13:16:37.063865846,IBM,255.9,100
2025.05.23D13:19:52.197200136,IBM,255.88,8
2025.05.23D13:19:52.197669310,IBM,255.88,2
2025.05.23D13:19:52.211908208,IBM,255.95,8
2025.05.23D13:20:47.427414924,IBM,255.5,10
2025.05.23D13:21:11.245715841,IBM,256,2
2025.05.23D13:22:19.897139057,IBM,255.97,1
2025.05.23D13:23:31.015657228,IBM,255.97,5
2025.05.23D13:23:49.847373002,IBM,255.75,10
2025.05.23D13:24:05.903449205,IBM,256,15
2025.05.23D13:24:06.095372203,IBM,255.82,1
2025.05.23D13:24:26.055407985,IBM,255.99,1
2025.05.23D13:24:35.234718068,IBM,255.98,100
2025.05.23D13:24:35.234721052,IBM,255.99,7
2025.05.23D13:24:45.620248488,IBM,255.97,1
2025.05.23D13:25:18.113982192,IBM,256,45
2025.05.23D13:25:29.815864203,IBM,255.98,1
2025.05.23D13:25:46.732773791,IBM,256,1
2025.05.23D13:26:12.201256927,IBM,255.98,99
2025.05.23D13:26:12.201259869,IBM,255.99,1
2025.05.23D13:26:42.109103246,IBM,255.99,78
2025.05.23D13:26:42.109113154,IBM,256,112
2025.05.23D13:26:42.109113154,IBM,256,1
2025.05.23D13:26:42.109178378,IBM,256,10
2025.05.23D13:26:42.109527283,IBM,256,1
2025.05.23D13:26:42.109566288,IBM,256,17
2025.05.23D13:26:42.109569307,IBM,256,1
2025.05.23D13:26:42.109602475,IBM,256,7
2025.05.23D13:27:21.575050909,IBM,256.12,100
2025.05.23D13:27:42.059402960,IBM,256.13,2
2025.05.23D13:28:46.066323060,IBM,256.88,80
2025.05.23D13:28:52.229866574,IBM,256.88,20
2025.05.23D13:28:52.229866574,IBM,256.9,50
2025.05.23D13:28:52.229871903,IBM,257,30
2025.05.23D13:28:52.236710174,IBM,257,100
2025.05.23D13:28:54.848254943,IBM,257,100
2025.05.23D13:29:52.071164957,IBM,257,70
2025.05.23D13:29:52.071164957,IBM,257,250
2025.05.23D13:30:00.246897685,IBM,258.55,55
2025.05.23D13:30:00.315878866,IBM,258.55,45
2025.05.23D13:30:00.349276793,IBM,257.89,5
2025.05.23D13:30:00.349279441,IBM,257.89,5
2025.05.23D13:30:00.349336562,IBM,257,20
2025.05.23D13:30:00.455411252,IBM,258.53,1
2025.05.23D13:30:00.459919018,IBM,258.53,64
2025.05.23D13:30:00.609413949,IBM,258.58,100
2025.05.23D13:30:00.785002163,IBM,258.12,1
2025.05.23D13:30:01.012430772,IBM,257.115,1
2025.05.23D13:30:01.041113284,IBM,257.89,44149
2025.05.23D13:30:01.041113284,IBM,257.89,44149
2025.05.23D13:30:01.053854390,IBM,258,7
2025.05.23D13:30:01.055177605,IBM,257.83,40
2025.05.23D13:30:01.055370039,IBM,257.15,9
2025.05.23D13:30:01.055376167,IBM,257.8,1
2025.05.23D13:30:01.055685832,IBM,257.68,10
2025.05.23D13:30:01.055767024,IBM,257.77,1
2025.05.23D13:30:01.055833466,IBM,257.6,6
2025.05.23D13:30:01.055845162,IBM,257,1
2025.05.23D13:30:01.055890204,IBM,257.59,5
2025.05.23D13:30:01.055971675,IBM,257.16,10
2025.05.23D13:30:01.056019688,IBM,257.16,10
2025.05.23D13:30:01.056136870,IBM,257,1
2025.05.23D13:30:01.056416481,IBM,257.5,29
2025.05.23D13:30:01.065137337,IBM,257.5,200
2025.05.23D13:30:01.085041663,IBM,257,25
2025.05.23D13:30:01.098718286,IBM,257.5,100
2025.05.23D13:30:01.183150369,IBM,258,1
2025.05.23D13:30:01.197822316,IBM,258,1
2025.05.23D13:30:01.289874496,IBM,257.395,1
2025.05.23D13:30:01.293104203,IBM,256,2
2025.05.23D13:30:01.339210094,IBM,257.89,16
2025.05.23D13:30:01.340262509,IBM,257.89,4
2025.05.23D13:30:01.340680556,IBM,257.89,1
2025.05.23D13:30:01.340767730,IBM,257.395,1
2025.05.23D13:30:01.340842914,IBM,257.89,3
2025.05.23D13:30:01.350676567,IBM,257.5,2
2025.05.23D13:30:01.361835976,IBM,257.395,1
2025.05.23D13:30:01.449203029,IBM,257.4,1
2025.05.23D13:30:01.449212020,IBM,257.35,1
2025.05.23D13:30:01.480164694,IBM,257.89,2
2025.05.23D13:30:01.480255100,IBM,257.89,54
2025.05.23D13:30:01.480522582,IBM,257.89,1
2025.05.23D13:30:01.480658086,IBM,257.89,10
2025.05.23D13:30:01.481758542,IBM,257.89,8
2025.05.23D13:30:01.482056207,IBM,257.89,10
2025.05.23D13:30:01.483761371,IBM,257.89,15
2025.05.23D13:30:01.483782374,IBM,257.89,3
2025.05.23D13:30:01.483836451,IBM,257.89,7
2025.05.23D13:30:01.483869552,IBM,257.89,6
2025.05.23D13:30:01.483884649,IBM,257.89,80
2025.05.23D13:30:01.483911704,IBM,257.89,6
2025.05.23D13:30:01.484065083,IBM,257.89,86
2025.05.23D13:30:01.484107139,IBM,257.89,8
2025.05.23D13:30:01.484146228,IBM,257.89,1
2025.05.23D13:30:01.495212560,IBM,257.2,3
2025.05.23D13:30:01.495216011,IBM,257.1,2
2025.05.23D13:30:01.495216011,IBM,257.03,23
2025.05.23D13:30:01.495224669,IBM,257.12,4
2025.05.23D13:30:01.495368989,IBM,257.18,2
2025.05.23D13:30:01.531100106,IBM,257.5,37
2025.05.23D13:30:01.553903316,IBM,257.395,1
2025.05.23D13:30:01.554823551,IBM,257.89,1
2025.05.23D13:30:01.565754554,IBM,257.395,1
2025.05.23D13:30:01.569955557,IBM,257.395,1
2025.05.23D13:30:01.597206473,IBM,257.49,19
2025.05.23D13:30:01.603780114,IBM,257.5,100
2025.05.23D13:30:01.604940957,IBM,257.89,1
2025.05.23D13:30:01.605253614,IBM,257.89,1
2025.05.23D13:30:01.605647664,IBM,257.89,1
2025.05.23D13:30:01.606315137,IBM,257.89,1
2025.05.23D13:30:01.606667013,IBM,257.89,1
2025.05.23D13:30:01.607524291,IBM,257.89,1
2025.05.23D13:30:01.608131527,IBM,257.89,1
2025.05.23D13:30:01.608949475,IBM,257.89,1
2025.05.23D13:30:01.609319295,IBM,257.89,1
2025.05.23D13:30:01.625900787,IBM,257.89,1
2025.05.23D13:30:01.626613590,IBM,257.89,1
2025.05.23D13:30:01.627434503,IBM,257.89,1
2025.05.23D13:30:01.628504985,IBM,257.89,1
2025.05.23D13:30:01.629599644,IBM,257.89,1
2025.05.23D13:30:01.630462753,IBM,257.89,1
2025.05.23D13:30:01.631488108,IBM,257.89,1
2025.05.23D13:30:01.632712245,IBM,257.89,1
2025.05.23D13:30:01.634312220,IBM,257.89,1
2025.05.23D13:30:01.635298355,IBM,257.89,1
2025.05.23D13:30:01.649940067,IBM,257.89,1
2025.05.23D13:30:01.650147594,IBM,257.89,1
2025.05.23D13:30:01.651314402,IBM,257.89,1
2025.05.23D13:30:01.651494818,IBM,257.89,1
2025.05.23D13:30:01.652688695,IBM,257.89,1
2025.05.23D13:30:01.653058564,IBM,257.89,1
2025.05.23D13:30:01.654417865,IBM,257.89,1
2025.05.23D13:30:01.682799391,IBM,257.55,54
2025.05.23D13:30:01.743826716,IBM,257.89,1
2025.05.23D13:30:01.858943875,IBM,257.89,1
2025.05.23D13:30:01.862215603,IBM,257.56,14
2025.05.23D13:30:01.862272775,IBM,257.83,44
2025.05.23D13:30:01.891343041,IBM,257.83,5
2025.05.23D13:30:01.941806233,IBM,257.89,1
2025.05.23D13:30:01.943222529,IBM,257.89,1
2025.05.23D13:30:01.944263003,IBM,257.89,1
2025.05.23D13:30:01.945959088,IBM,257.89,1
2025.05.23D13:30:01.947799445,IBM,257.89,1
2025.05.23D13:30:01.949221908,IBM,257.89,1
2025.05.23D13:30:01.951035170,IBM,257.89,1
2025.05.23D13:30:01.952385403,IBM,257.89,1
2025.05.23D13:30:01.954120636,IBM,257.89,1
2025.05.23D13:30:01.955518893,IBM,257.89,1
2025.05.23D13:30:01.957557757,IBM,257.89,1
2025.05.23D13:30:01.959268801,IBM,257.89,1
2025.05.23D13:30:01.983028389,IBM,257.89,1
2025.05.23D13:30:01.986164878,IBM,257.89,1
2025.05.23D13:30:01.986694139,IBM,257.89,1
2025.05.23D13:30:01.987481963,IBM,257.89,1
2025.05.23D13:30:01.988745025,IBM,257.89,1
2025.05.23D13:30:01.989719275,IBM,257.89,1
2025.05.23D13:30:01.990618432,IBM,257.89,1
2025.05.23D13:30:01.992043767,IBM,257.89,1
2025.05.23D13:30:01.994100808,IBM,257.89,1
2025.05.23D13:30:01.994825398,IBM,257.89,1
2025.05.23D13:30:01.995574262,IBM,257.89,1
2025.05.23D13:30:01.996569550,IBM,257.89,1
2025.05.23D13:30:01.997507828,IBM,257.89,1
2025.05.23D13:30:01.998500239,IBM,257.89,1
2025.05.23D13:30:02.013584156,IBM,257.89,1
2025.05.23D13:30:02.013614188,IBM,257.89,1
2025.05.23D13:30:02.013644290,IBM,257.89,1
2025.05.23D13:30:02.013677357,IBM,257.89,1
2025.05.23D13:30:02.015620013,IBM,257.89,1
2025.05.23D13:30:02.015643989,IBM,257.89,1
2025.05.23D13:30:02.015677057,IBM,257.89,1
2025.05.23D13:30:02.036742227,IBM,257.89,1
2025.05.23D13:30:02.043797006,IBM,257.89,1
2025.05.23D13:30:02.100283601,IBM,257,5
2025.05.23D13:30:02.103801909,IBM,257.5,10
2025.05.23D13:30:02.105116102,IBM,257.5,28
2025.05.23D13:30:02.164997671,IBM,257.21,12
2025.05.23D13:30:02.166227627,IBM,257.89,1
2025.05.23D13:30:02.207846655,IBM,257.2,14
2025.05.23D13:30:02.207939969,IBM,257.24,48
2025.05.23D13:30:02.242874114,IBM,257,4
2025.05.23D13:30:02.250921235,IBM,257,1
2025.05.23D13:30:02.253083478,IBM,257,49
2025.05.23D13:30:02.469427594,IBM,257.89,1
2025.05.23D13:30:02.470558316,IBM,257.89,1
2025.05.23D13:30:02.472561054,IBM,257.89,1
2025.05.23D13:30:02.474278180,IBM,257.89,1
2025.05.23D13:30:02.476019320,IBM,257.89,1
2025.05.23D13:30:02.476605709,IBM,257.89,1
2025.05.23D13:30:02.480812671,IBM,257.89,1
2025.05.23D13:30:02.487473610,IBM,257.89,1
2025.05.23D13:30:02.490730278,IBM,257.89,1
2025.05.23D13:30:02.492591779,IBM,257.89,1
2025.05.23D13:30:02.495445506,IBM,257.89,1
2025.05.23D13:30:02.498091873,IBM,257.89,1
2025.05.23D13:30:02.500972687,IBM,257.89,1
2025.05.23D13:30:02.504334718,IBM,257.89,1
2025.05.23D13:30:02.560851372,IBM,257,46
2025.05.23D13:30:02.598888963,IBM,257,100
2025.05.23D13:30:02.599006855,IBM,257.18,5
2025.05.23D13:30:02.599012214,IBM,257.13,13
2025.05.23D13:30:02.599033190,IBM,257.16,12
2025.05.23D13:30:02.599036255,IBM,257.14,5
2025.05.23D13:30:02.599042260,IBM,257.01,500
2025.05.23D13:30:02.599045281,IBM,257,282
2025.05.23D13:30:02.599264744,IBM,257.19,25
2025.05.23D13:30:02.599270754,IBM,257.15,5
2025.05.23D13:30:02.599273807,IBM,257.07,15
2025.05.23D13:30:02.625478257,IBM,257.21,3
2025.05.23D13:30:02.626975770,IBM,257.31,6
2025.05.23D13:30:02.636021388,IBM,257.12,14
2025.05.23D13:30:02.636036392,IBM,257.07,24
2025.05.23D13:30:02.647192904,IBM,257.21,40
2025.05.23D13:30:02.657032320,IBM,257.01,100
2025.05.23D13:30:02.669391771,IBM,257,400
2025.05.23D13:30:02.670146786,IBM,256.95,104
2025.05.23D13:30:02.670366135,IBM,256.95,23
2025.05.23D13:30:02.672414034,IBM,256.8711,83
2025.05.23D13:30:02.733092511,IBM,257.18,7
2025.05.23D13:30:02.738186642,IBM,257.89,1
2025.05.23D13:30:02.781934754,IBM,257,4
2025.05.23D13:30:02.825478558,IBM,257.475,1
2025.05.23D13:30:02.830867384,IBM,257.18,5
2025.05.23D13:30:02.884782756,IBM,257.89,1
2025.05.23D13:30:03.118192537,IBM,257.3023,7
2025.05.23D13:30:03.118935255,IBM,257.3023,1
2025.05.23D13:30:03.134792087,IBM,257.89,1
2025.05.23D13:30:03.185754443,IBM,257.89,1
2025.05.23D13:30:03.196769806,IBM,257.34,12
2025.05.23D13:30:03.196769806,IBM,257.375,1
2025.05.23D13:30:03.196772656,IBM,257.375,2
2025.05.23D13:30:03.320135475,IBM,257.89,1
2025.05.23D13:30:03.349410090,IBM,257.89,1
2025.05.23D13:30:03.422207415,IBM,257.89,1
2025.05.23D13:30:03.429382493,IBM,257.89,1
2025.05.23D13:30:03.456443960,IBM,257.42,1
2025.05.23D13:30:03.467456153,IBM,257.89,1
2025.05.23D13:30:03.512431316,IBM,256.95,50
2025.05.23D13:30:03.531207921,IBM,257.89,1
2025.05.23D13:30:03.538554435,IBM,257.89,1
2025.05.23D13:30:03.539742249,IBM,257.89,1
2025.05.23D13:30:03.544583853,IBM,257.89,1
2025.05.23D13:30:03.550408694,IBM,257.5,40
2025.05.23D13:30:03.553274460,IBM,257.8989,2
2025.05.23D13:30:03.553626296,IBM,257.8989,1
2025.05.23D13:30:03.554176600,IBM,257.8991,1
2025.05.23D13:30:03.554525465,IBM,257.8991,1
2025.05.23D13:30:03.576784540,IBM,256.95,67
2025.05.23D13:30:03.601337936,IBM,257.02,10
2025.05.23D13:30:03.601347014,IBM,257.02,10
2025.05.23D13:30:03.601371027,IBM,256.98,37
2025.05.23D13:30:03.601371027,IBM,256.95,64
2025.05.23D13:30:03.601404289,IBM,257.02,25
2025.05.23D13:30:03.601404289,IBM,256.95,36
2025.05.23D13:30:03.601422088,IBM,257.02,12
2025.05.23D13:30:03.601437141,IBM,256.95,1
2025.05.23D13:30:03.601617656,IBM,256.95,10
2025.05.23D13:30:03.601635695,IBM,256.95,20
2025.05.23D13:30:03.601981488,IBM,256.96,10
2025.05.23D13:30:03.602062659,IBM,256.95,12
2025.05.23D13:30:03.602093013,IBM,256.96,10
2025.05.23D13:30:03.602333301,IBM,256.96,10
2025.05.23D13:30:03.602627972,IBM,256.96,10
2025.05.23D13:30:03.602943723,IBM,256.96,10
2025.05.23D13:30:03.603626366,IBM,256.96,2
2025.05.23D13:30:03.608726478,IBM,257.89,1
2025.05.23D13:30:03.618355428,IBM,257.89,1
2025.05.23D13:30:03.654426385,IBM,257.89,81
2025.05.23D13:30:03.654624825,IBM,257.89,5
2025.05.23D13:30:03.654654882,IBM,257.89,9
2025.05.23D13:30:03.744069815,IBM,257,1
2025.05.23D13:30:03.869555536,IBM,257.19,10
2025.05.23D13:30:03.908495275,IBM,257.89,1
2025.05.23D13:30:03.959797562,IBM,256.95,25
2025.05.23D13:30:04.007662305,IBM,257.89,1
2025.05.23D13:30:04.009731291,IBM,257.89,1
2025.05.23D13:30:04.011785118,IBM,257.89,1
2025.05.23D13:30:04.019736071,IBM,257.89,1
2025.05.23D13:30:04.027368299,IBM,257.89,1
2025.05.23D13:30:04.027843373,IBM,256.95,1
2025.05.23D13:30:04.027846416,IBM,256.92,11
2025.05.23D13:30:04.030390482,IBM,257.89,1
2025.05.23D13:30:04.032065491,IBM,257.01,32
2025.05.23D13:30:04.037941481,IBM,257.89,1
2025.05.23D13:30:04.045426379,IBM,257.195,20
2025.05.23D13:30:04.070920993,IBM,257.89,1
2025.05.23D13:30:04.100703903,IBM,257.89,1
2025.05.23D13:30:04.104793640,IBM,257.89,1
2025.05.23D13:30:04.105437193,IBM,257.89,1
2025.05.23D13:30:04.121796080,IBM,257.89,1
2025.05.23D13:30:04.130577021,IBM,257.89,1
2025.05.23D13:30:04.141481039,IBM,256.7501,2
2025.05.23D13:30:04.147387120,IBM,257.89,1
2025.05.23D13:30:04.150036423,IBM,257.89,1
2025.05.23D13:30:04.160185518,IBM,257.89,1
2025.05.23D13:30:04.168259804,IBM,257.07,37
2025.05.23D13:30:04.175609284,IBM,256.91,19
2025.05.23D13:30:04.176174767,IBM,256.91,5
2025.05.23D13:30:04.185406639,IBM,256.9,36
2025.05.23D13:30:04.189060253,IBM,256.82,19
2025.05.23D13:30:04.189974512,IBM,256.82,7
2025.05.23D13:30:04.190741301,IBM,256.82,23
2025.05.23D13:30:04.192422354,IBM,256.82,18
2025.05.23D13:30:04.193258336,IBM,256.82,24
2025.05.23D13:30:04.206724355,IBM,256.75,1
2025.05.23D13:30:04.213649824,IBM,256.82,86
2025.05.23D13:30:04.230174207,IBM,257,21
2025.05.23D13:30:04.234621777,IBM,257,19
2025.05.23D13:30:04.258757302,IBM,257.89,1
2025.05.23D13:30:04.258964773,IBM,257.89,1
2025.05.23D13:30:04.265234761,IBM,256.92,100
2025.05.23D13:30:04.265445181,IBM,256.92,100
2025.05.23D13:30:04.265697738,IBM,256.92,100
2025.05.23D13:30:04.265956446,IBM,256.92,100
2025.05.23D13:30:04.277116071,IBM,256.85,5
2025.05.23D13:30:04.277500849,IBM,256.92,1
2025.05.23D13:30:04.282507800,IBM,256.92,29
2025.05.23D13:30:04.290897836,IBM,256.92,56
2025.05.23D13:30:04.299489197,IBM,257.89,1
2025.05.23D13:30:04.300066879,IBM,257.89,1
2025.05.23D13:30:04.300637998,IBM,256.79,35
2025.05.23D13:30:04.301636406,IBM,256.79,20
2025.05.23D13:30:04.301882895,IBM,256.92,29
2025.05.23D13:30:04.303627070,IBM,257.89,1
2025.05.23D13:30:04.314780631,IBM,257,5
2025.05.23D13:30:04.318380188,IBM,256.92,29
2025.05.23D13:30:04.331374168,IBM,257.89,1
2025.05.23D13:30:04.362510272,IBM,256.78,10
2025.05.23D13:30:04.362982437,IBM,257.89,1
2025.05.23D13:30:04.363442492,IBM,256.75,80
2025.05.23D13:30:04.363484576,IBM,256.77,36
2025.05.23D13:30:04.363520746,IBM,256.74,50
2025.05.23D13:30:04.366061741,IBM,257.89,1
2025.05.23D13:30:04.372427941,IBM,257.89,1
2025.05.23D13:30:04.395252296,IBM,256.79,15
2025.05.23D13:30:04.429687288,IBM,256.79,2
2025.05.23D13:30:04.431789316,IBM,256.85,18
2025.05.23D13:30:04.443436024,IBM,257.145,6
2025.05.23D13:30:04.493947213,IBM,256.79,1
2025.05.23D13:30:04.676018769,IBM,256.77,17
2025.05.23D13:30:04.699191908,IBM,256.77,19
2025.05.23D13:30:04.719947341,IBM,256.77,7
2025.05.23D13:30:04.749697213,IBM,257.89,1
2025.05.23D13:30:04.753865109,IBM,257.89,1
2025.05.23D13:30:04.775754410,IBM,256.68,2
2025.05.23D13:30:04.805934122,IBM,256.66,50
2025.05.23D13:30:04.805952157,IBM,256.7,44
2025.05.23D13:30:04.806610790,IBM,256.7,6
2025.05.23D13:30:04.806610790,IBM,256.66,38
2025.05.23D13:30:04.807197126,IBM,256.66,6
2025.05.23D13:30:04.807861741,IBM,256.65,50
2025.05.23D13:30:04.845466186,IBM,256.6,1
2025.05.23D13:30:04.916591549,IBM,257.07,40
2025.05.23D13:30:04.931855988,IBM,256.79,26
2025.05.23D13:30:05.021520441,IBM,257.89,1
2025.05.23D13:30:05.044492140,IBM,257.89,1
2025.05.23D13:30:05.045505559,IBM,257.89,1
2025.05.23D13:30:05.091286545,IBM,257.89,1
2025.05.23D13:30:05.124747213,IBM,256.75,25
2025.05.23D13:30:05.135136958,IBM,256.75,1
2025.05.23D13:30:05.243439830,IBM,256.59,12
2025.05.23D13:30:05.243445901,IBM,256.52,50
2025.05.23D13:30:05.243448871,IBM,256.5,1
2025.05.23D13:30:05.243872836,IBM,256.45,36
2025.05.23D13:30:05.243957003,IBM,256.45,1
2025.05.23D13:30:05.357107513,IBM,256.45,6
2025.05.23D13:30:05.423246972,IBM,256.45,50
2025.05.23D13:30:05.678509855,IBM,256.68,1
2025.05.23D13:30:05.923569528,IBM,256.41,62
2025.05.23D13:30:05.923575470,IBM,256.39,100
2025.05.23D13:30:05.924029628,IBM,256.39,100
2025.05.23D13:30:05.924077677,IBM,256.38,33
2025.05.23D13:30:05.924447627,IBM,256.38,100
2025.05.23D13:30:05.924592299,IBM,256.16,36
2025.05.23D13:30:05.924592299,IBM,256.1,3
2025.05.23D13:30:05.924597946,IBM,256.07,6
2025.05.23D13:30:05.924597946,IBM,256.01,43
2025.05.23D13:30:05.924673106,IBM,256.485,100
2025.05.23D13:30:05.924673106,IBM,256.485,100
2025.05.23D13:30:05.924676131,IBM,256.485,200
2025.05.23D13:30:05.924688117,IBM,256.485,100
2025.05.23D13:30:05.924895699,IBM,256.485,100
2025.05.23D13:30:05.924925665,IBM,256.485,65
2025.05.23D13:30:05.925000895,IBM,256.57,100
2025.05.23D13:30:05.925003935,IBM,256.37,100
2025.05.23D13:30:05.925244468,IBM,256.5,20
2025.05.23D13:30:05.925277595,IBM,256.61,50
2025.05.23D13:30:05.925277595,IBM,256.66,2
2025.05.23D13:30:05.925466964,IBM,256.67,33
2025.05.23D13:30:05.925476020,IBM,256.39,100
2025.05.23D13:30:05.925629361,IBM,256.67,19
2025.05.23D13:30:05.925647418,IBM,256.5,20
2025.05.23D13:30:05.925806813,IBM,256.485,100
2025.05.23D13:30:05.925887965,IBM,256.61,100
2025.05.23D13:30:05.926086530,IBM,256.67,48
2025.05.23D13:30:05.926345040,IBM,256.61,33
2025.05.23D13:30:05.944682930,IBM,256.43,10
2025.05.23D13:30:05.946986257,IBM,256.61,100
2025.05.23D13:30:05.955683050,IBM,256.25,49
2025.05.23D13:30:05.956242254,IBM,256.25,11
2025.05.23D13:30:05.969118997,IBM,256.61,100
2025.05.23D13:30:06.003647186,IBM,256.61,17
2025.05.23D13:30:06.010145682,IBM,256.61,50
2025.05.23D13:30:06.056161181,IBM,256.61,44
2025.05.23D13:30:06.056525029,IBM,256.61,100
2025.05.23D13:30:06.057309945,IBM,256.61,100
2025.05.23D13:30:06.058599975,IBM,256.61,100
2025.05.23D13:30:06.059814915,IBM,256.61,100
2025.05.23D13:30:06.061874728,IBM,256.61,100
2025.05.23D13:30:06.063604011,IBM,256.61,83
2025.05.23D13:30:06.064223378,IBM,256.61,100
2025.05.23D13:30:06.064445922,IBM,256.61,17
2025.05.23D13:30:06.064936097,IBM,256.61,100
2025.05.23D13:30:06.066138907,IBM,256.61,100
2025.05.23D13:30:06.078035274,IBM,257.89,1
2025.05.23D13:30:06.153256350,IBM,256.61,31
2025.05.23D13:30:06.198285647,IBM,256.44,25
2025.05.23D13:30:06.226646077,IBM,256.615,5
2025.05.23D13:30:06.226712252,IBM,256.615,12
2025.05.23D13:30:06.226775414,IBM,256.615,25
2025.05.23D13:30:06.226841560,IBM,256.615,50
2025.05.23D13:30:06.228621832,IBM,256.615,5
2025.05.23D13:30:06.231469562,IBM,256.615,5
2025.05.23D13:30:06.300270476,IBM,256.42,4
2025.05.23D13:30:06.301767964,IBM,256.615,10
2025.05.23D13:30:06.323614955,IBM,257.89,1
2025.05.23D13:30:06.385550430,IBM,256.44,15
2025.05.23D13:30:06.397116086,IBM,257.89,1
2025.05.23D13:30:06.502258353,IBM,256.49,55
2025.05.23D13:30:06.503767920,IBM,256.84,1
2025.05.23D13:30:06.511634663,IBM,256.705,50
2025.05.23D13:30:06.609650050,IBM,257.5,10
2025.05.23D13:30:06.609722293,IBM,257.5,5
2025.05.23D13:30:06.612188130,IBM,256.96,1
2025.05.23D13:30:06.628847836,IBM,257.5,1
2025.05.23D13:30:06.634164502,IBM,258,169
2025.05.23D13:30:06.640726079,IBM,257.21,1
2025.05.23D13:30:06.695657850,IBM,257.5,2
2025.05.23D13:30:06.698701096,IBM,257.5,7
2025.05.23D13:30:06.705262731,IBM,258,1
2025.05.23D13:30:06.734988547,IBM,257.68,1
2025.05.23D13:30:06.794855072,IBM,257.89,1
2025.05.23D13:30:06.821287948,IBM,258,2
2025.05.23D13:30:06.895537754,IBM,256.705,3
2025.05.23D13:30:06.925489107,IBM,257.2949,100
2025.05.23D13:30:06.925804836,IBM,257.21,3
2025.05.23D13:30:07.194142819,IBM,257.89,1
2025.05.23D13:30:07.214152433,IBM,257.89,1
2025.05.23D13:30:07.231200029,IBM,257.89,1
2025.05.23D13:30:07.288194762,IBM,256.96,35
2025.05.23D13:30:07.288258187,IBM,256.96,65
2025.05.23D13:30:07.288260850,IBM,256.97,61
2025.05.23D13:30:07.288321076,IBM,256.97,139
2025.05.23D13:30:07.288384221,IBM,256.97,71
2025.05.23D13:30:07.288438376,IBM,256.97,89
2025.05.23D13:30:07.288931437,IBM,256.97,73
2025.05.23D13:30:07.288940503,IBM,257.02,100
2025.05.23D13:30:07.288958500,IBM,257.02,100
2025.05.23D13:30:07.289060786,IBM,256.99,4
2025.05.23D13:30:07.289093919,IBM,256.99,4
2025.05.23D13:30:07.289096992,IBM,256.99,4
2025.05.23D13:30:07.289096992,IBM,256.99,4
2025.05.23D13:30:07.289117937,IBM,256.99,4
2025.05.23D13:30:07.289120923,IBM,256.99,4
2025.05.23D13:30:07.289123886,IBM,256.99,1
2025.05.23D13:30:07.289132994,IBM,257.02,42
2025.05.23D13:30:07.289136409,IBM,257.01,20
2025.05.23D13:30:07.289136409,IBM,257.02,8
2025.05.23D13:30:07.289139014,IBM,257.02,92
2025.05.23D13:30:07.289142028,IBM,257.02,1
2025.05.23D13:30:07.289169013,IBM,257.01,4
2025.05.23D13:30:07.289214119,IBM,257.01,4
2025.05.23D13:30:07.289223229,IBM,257.01,4
2025.05.23D13:30:07.289241203,IBM,257.01,4
2025.05.23D13:30:07.289304485,IBM,257.01,4
2025.05.23D13:30:07.289346459,IBM,257.04,4
2025.05.23D13:30:07.293920357,IBM,257.02,70
2025.05.23D13:30:07.293929357,IBM,257.02,70
2025.05.23D13:30:07.293932425,IBM,257.02,25
2025.05.23D13:30:07.294741350,IBM,257.025,103
2025.05.23D13:30:07.298286813,IBM,257.03,73
2025.05.23D13:30:07.298343848,IBM,257.03,87
2025.05.23D13:30:07.298371030,IBM,257.03,21
2025.05.23D13:30:07.298554386,IBM,257.03,86
2025.05.23D13:30:07.298566396,IBM,257.03,9
2025.05.23D13:30:07.298584466,IBM,257.03,25
2025.05.23D13:30:07.298605584,IBM,257.03,37
2025.05.23D13:30:07.298632768,IBM,257.03,100
2025.05.23D13:30:07.298635624,IBM,257.03,100
2025.05.23D13:30:07.298804057,IBM,257.07,5
2025.05.23D13:30:07.299092704,IBM,257.03,80
2025.05.23D13:30:07.302499769,IBM,257.07,67
2025.05.23D13:30:07.302502764,IBM,257.03,100
2025.05.23D13:30:07.302505828,IBM,257.03,100
2025.05.23D13:30:07.302508843,IBM,257.03,300
2025.05.23D13:30:07.302905719,IBM,256.77,33
2025.05.23D13:30:07.302908770,IBM,256.77,50
2025.05.23D13:30:07.302911733,IBM,256.74,100
2025.05.23D13:30:07.302914807,IBM,256.7,100
2025.05.23D13:30:07.303525295,IBM,256.55,16
2025.05.23D13:30:07.303528476,IBM,256.55,100
2025.05.23D13:30:07.303642506,IBM,256.76,16
2025.05.23D13:30:07.303874067,IBM,256.59,62
2025.05.23D13:30:07.304075571,IBM,256.54,16
2025.05.23D13:30:07.304078520,IBM,256.54,100
2025.05.23D13:30:07.304454494,IBM,256.72,16
2025.05.23D13:30:07.304460658,IBM,256.72,5
2025.05.23D13:30:07.304478501,IBM,256.72,5
2025.05.23D13:30:07.304532571,IBM,256.72,5
2025.05.23D13:30:07.304535662,IBM,256.72,5
2025.05.23D13:30:07.304670995,IBM,256.72,5
2025.05.23D13:30:07.304716230,IBM,256.54,5
2025.05.23D13:30:07.304716230,IBM,256.54,5
2025.05.23D13:30:07.304722150,IBM,256.54,5
2025.05.23D13:30:07.304722150,IBM,256.54,5
2025.05.23D13:30:07.304725246,IBM,256.54,5
2025.05.23D13:30:07.304728095,IBM,256.46,100
2025.05.23D13:30:07.304731332,IBM,256.46,100
2025.05.23D13:30:07.304734128,IBM,256.46,20
2025.05.23D13:30:07.304737481,IBM,256.72,5
2025.05.23D13:30:07.304737481,IBM,256.72,1
2025.05.23D13:30:07.304866392,IBM,256.59,1
2025.05.23D13:30:07.304869457,IBM,256.55,100
2025.05.23D13:30:07.304872402,IBM,256.51,15
2025.05.23D13:30:07.305125021,IBM,257.03,100
2025.05.23D13:30:07.305702369,IBM,256.46,64
2025.05.23D13:30:07.305711504,IBM,256.46,15
2025.05.23D13:30:07.305768640,IBM,256.51,25
2025.05.23D13:30:07.305783587,IBM,256.55,9
2025.05.23D13:30:07.306138508,IBM,256.51,1
2025.05.23D13:30:07.307080415,IBM,256.54,1
2025.05.23D13:30:07.307080415,IBM,256.54,3
2025.05.23D13:30:07.392798757,IBM,257.89,1
2025.05.23D13:30:07.539891257,IBM,257.9988,1
2025.05.23D13:30:07.572963809,IBM,257.89,1
2025.05.23D13:30:07.574362187,IBM,256.6,9
2025.05.23D13:30:07.574762094,IBM,256.715,12
2025.05.23D13:30:07.574828223,IBM,256.715,50
2025.05.23D13:30:07.649709570,IBM,257.462,1
2025.05.23D13:30:08.014836020,IBM,257.89,1
2025.05.23D13:30:08.028557718,IBM,257.89,1
2025.05.23D13:30:08.317383410,IBM,256.715,1
2025.05.23D13:30:08.343807329,IBM,256.715,166
2025.05.23D13:30:08.350675680,IBM,256.4601,34
2025.05.23D13:30:08.434755869,IBM,256.715,1
2025.05.23D13:30:08.583219382,IBM,257.89,1
2025.05.23D13:30:08.595972782,IBM,257.89,1
2025.05.23D13:30:08.596044917,IBM,257.7988,1
2025.05.23D13:30:08.650254942,IBM,257.89,1
2025.05.23D13:30:08.888376999,IBM,256.715,127
2025.05.23D13:30:09.428213518,IBM,256.5109,5
2025.05.23D13:30:09.431172522,IBM,256.49,12
2025.05.23D13:30:09.433355654,IBM,256.9208,9
2025.05.23D13:30:09.615514472,IBM,256.715,1
2025.05.23D13:30:09.615556552,IBM,256.715,1
2025.05.23D13:30:09.615601671,IBM,256.715,1
2025.05.23D13:30:09.795387784,IBM,257.6388,1
2025.05.23D13:30:10.057335484,IBM,256.89,50
2025.05.23D13:30:10.057542993,IBM,256.88,20
2025.05.23D13:30:10.057546104,IBM,256.89,30
2025.05.23D13:30:10.057549935,IBM,256.89,50
2025.05.23D13:30:10.057549935,IBM,256.89,75
2025.05.23D13:30:10.057552031,IBM,256.89,16
2025.05.23D13:30:10.058219605,IBM,256.86,100
2025.05.23D13:30:10.074208695,IBM,256.96,3
2025.05.23D13:30:10.077796196,IBM,256.96,17
2025.05.23D13:30:10.077799517,IBM,256.97,83
2025.05.23D13:30:10.077820585,IBM,256.97,93
2025.05.23D13:30:10.077829341,IBM,256.97,7
2025.05.23D13:30:10.295436441,IBM,256.83,12
2025.05.23D13:30:10.352927449,IBM,256.72,50
2025.05.23D13:30:10.352927449,IBM,256.69,5
2025.05.23D13:30:10.352930423,IBM,256.68,3
2025.05.23D13:30:10.355324312,IBM,256.69,5
2025.05.23D13:30:10.355324312,IBM,256.68,53
2025.05.23D13:30:10.355480514,IBM,256.68,47
2025.05.23D13:30:10.355480514,IBM,256.67,11
2025.05.23D13:30:10.365461221,IBM,256.755,25
2025.05.23D13:30:10.366817512,IBM,256.755,25
2025.05.23D13:30:10.367506093,IBM,256.54,58
2025.05.23D13:30:10.369575056,IBM,256.54,58
2025.05.23D13:30:10.369695365,IBM,256.755,25
2025.05.23D13:30:10.373472271,IBM,256.57,5
2025.05.23D13:30:10.389512526,IBM,256.57,46
2025.05.23D13:30:10.392712279,IBM,256.58,100
2025.05.23D13:30:10.405976811,IBM,256.57,34
2025.05.23D13:30:10.405991799,IBM,256.57,29
2025.05.23D13:30:10.406169181,IBM,256.57,33
2025.05.23D13:30:10.414619320,IBM,256.755,58
2025.05.23D13:30:10.457979595,IBM,256.57,75
2025.05.23D13:30:10.484325263,IBM,256.57,29
2025.05.23D13:30:10.492360380,IBM,256.57,58
2025.05.23D13:30:10.504007184,IBM,256.57,2
2025.05.23D13:30:10.519283561,IBM,256.715,1066
2025.05.23D13:30:10.539533787,IBM,256.54,1
2025.05.23D13:30:10.539627027,IBM,256.54,1
2025.05.23D13:30:10.587263403,IBM,256.68,12
2025.05.23D13:30:10.597226169,IBM,256.68,88
2025.05.23D13:30:10.605847830,IBM,256.53,12
2025.05.23D13:30:10.605850636,IBM,256.5,46
2025.05.23D13:30:10.706010246,IBM,256.77,12
2025.05.23D13:30:10.718499007,IBM,256.68,100
2025.05.23D13:30:10.792195502,IBM,256.68,12
2025.05.23D13:30:11.760270102,IBM,256.59,12
2025.05.23D13:30:11.760270102,IBM,256.54,34
2025.05.23D13:30:11.762973197,IBM,256.44,9
2025.05.23D13:30:11.765126378,IBM,256.68,25
2025.05.23D13:30:11.766085602,IBM,256.68,25
2025.05.23D13:30:11.766858423,IBM,256.68,25
2025.05.23D13:30:11.767856846,IBM,256.68,25
2025.05.23D13:30:11.838738651,IBM,256.52,2
2025.05.23D13:30:11.839340114,IBM,256.47,2
2025.05.23D13:30:11.840236230,IBM,256.47,2
2025.05.23D13:30:11.840801591,IBM,256.47,2
2025.05.23D13:30:11.841673593,IBM,256.47,2
2025.05.23D13:30:11.842347377,IBM,256.47,2
2025.05.23D13:30:11.843059902,IBM,256.47,2
2025.05.23D13:30:11.843937970,IBM,256.47,2
2025.05.23D13:30:11.844611643,IBM,256.47,2
2025.05.23D13:30:11.845519804,IBM,256.47,2
2025.05.23D13:30:11.846118233,IBM,256.47,5
2025.05.23D13:30:12.264702943,IBM,256.68,20
2025.05.23D13:30:12.603110812,IBM,256.97,4
2025.05.23D13:30:13.361688211,IBM,256.97,4
2025.05.23D13:30:14.363265213,IBM,256.75,3
2025.05.23D13:30:14.366079881,IBM,256.61,9
2025.05.23D13:30:14.416416916,IBM,256.97,1
2025.05.23D13:30:15.240246541,IBM,256.68,30
2025.05.23D13:30:16.051391955,IBM,256.565,1
2025.05.23D13:30:16.051915197,IBM,256.565,50
2025.05.23D13:30:16.052979764,IBM,256.565,25
2025.05.23D13:30:16.053728618,IBM,256.565,24
2025.05.23D13:30:16.053794764,IBM,256.565,1
2025.05.23D13:30:16.054537457,IBM,256.565,25
2025.05.23D13:30:16.058903938,IBM,256.64,70
2025.05.23D13:30:16.068908685,IBM,256.64,7
2025.05.23D13:30:16.405187439,IBM,256.7134,50
2025.05.23D13:30:16.411352128,IBM,256.75,2
2025.05.23D13:30:16.712994345,IBM,256.39,1
2025.05.23D13:30:16.837923939,IBM,256.66,1
2025.05.23D13:30:16.837984085,IBM,256.66,49
2025.05.23D13:30:17.649526560,IBM,256.5961,70
2025.05.23D13:30:17.652272146,IBM,256.47,13
2025.05.23D13:30:17.717347046,IBM,256.46,2
2025.05.23D13:30:17.718077807,IBM,256.39,1
2025.05.23D13:30:18.321969845,IBM,257.89,1
2025.05.23D13:30:18.819462425,IBM,257.89,1
2025.05.23D13:30:18.819751159,IBM,256.8888,1
2025.05.23D13:30:19.135692403,IBM,256.7652,23
2025.05.23D13:30:19.208210194,IBM,256.575,20
2025.05.23D13:30:19.428427454,IBM,256.35,29
2025.05.23D13:30:19.497462939,IBM,256.34,58
2025.05.23D13:30:19.497925942,IBM,256.35,38
2025.05.23D13:30:19.498819123,IBM,256.34,17
2025.05.23D13:30:19.514348164,IBM,256.34,19
2025.05.23D13:30:19.551874486,IBM,256.35,23
2025.05.23D13:30:19.551877409,IBM,256.35,29
2025.05.23D13:30:19.551880493,IBM,256.35,38
2025.05.23D13:30:19.551880493,IBM,256.31,10
2025.05.23D13:30:19.606884397,IBM,257.89,161
2025.05.23D13:30:19.742645783,IBM,256.31,15
2025.05.23D13:30:19.857143368,IBM,256.31,55
2025.05.23D13:30:19.858631864,IBM,256.31,14
2025.05.23D13:30:19.858683050,IBM,256.31,100
2025.05.23D13:30:19.862553239,IBM,256.5,20
2025.05.23D13:30:19.865641566,IBM,256.285,100
2025.05.23D13:30:19.868266895,IBM,256.26,39
2025.05.23D13:30:19.885443798,IBM,256.31,56
2025.05.23D13:30:19.952954452,IBM,256.26,100
2025.05.23D13:30:19.982030804,IBM,256.5,3
2025.05.23D13:30:20.046699693,IBM,257.89,1
2025.05.23D13:30:20.966972315,IBM,256.572,100
2025.05.23D13:30:20.970024572,IBM,256.26,12
2025.05.23D13:30:20.985072654,IBM,256.48,12
2025.05.23D13:30:20.985075403,IBM,256.48,88
2025.05.23D13:30:20.985216818,IBM,256.48,100
2025.05.23D13:30:20.993609765,IBM,256.31,12
2025.05.23D13:30:21.329747092,IBM,257.89,1
2025.05.23D13:30:21.694076589,IBM,256.57,1
2025.05.23D13:30:21.694121750,IBM,256.57,3
2025.05.23D13:30:22.031946136,IBM,256.29,8
2025.05.23D13:30:22.663037907,IBM,256.89,1
2025.05.23D13:30:23.317369106,IBM,256.26,80
2025.05.23D13:30:23.320204810,IBM,256.36,9
2025.05.23D13:30:23.480907468,IBM,256.27,1
2025.05.23D13:30:24.786956721,IBM,256.28,8
2025.05.23D13:30:24.913486130,IBM,256.27,100
2025.05.23D13:30:24.922089491,IBM,256.54,50
2025.05.23D13:30:24.922092517,IBM,256.54,50
2025.05.23D13:30:25.277605025,IBM,256.83,1
2025.05.23D13:30:25.614566383,IBM,256.6,2
2025.05.23D13:30:25.641940621,IBM,256.26,2
2025.05.23D13:30:27.178572629,IBM,256.27,1
2025.05.23D13:30:27.181339217,IBM,256.47,14
2025.05.23D13:30:27.821175803,IBM,256.27,1
2025.05.23D13:30:27.986969529,IBM,256.26,13
2025.05.23D13:30:29.443202159,IBM,256.545,8
2025.05.23D13:30:29.445971784,IBM,256.42,9
2025.05.23D13:30:29.475974231,IBM,256.48,12
2025.05.23D13:30:29.479787279,IBM,256.48,88
2025.05.23D13:30:29.482905726,IBM,256.48,12
2025.05.23D13:30:29.484538802,IBM,256.48,13
2025.05.23D13:30:29.484640886,IBM,256.48,44
2025.05.23D13:30:29.485861723,IBM,256.48,25
2025.05.23D13:30:29.485930966,IBM,256.48,100
2025.05.23D13:30:29.486673762,IBM,256.48,25
2025.05.23D13:30:29.487431540,IBM,256.48,25
2025.05.23D13:30:29.575550298,IBM,256.6,16
2025.05.23D13:30:29.575583373,IBM,256.55,6
2025.05.23D13:30:29.575929208,IBM,256.65,1
2025.05.23D13:30:29.575947215,IBM,256.65,11
2025.05.23D13:30:29.575962398,IBM,256.65,6
2025.05.23D13:30:29.575962398,IBM,256.65,16
2025.05.23D13:30:29.576028416,IBM,256.65,1
2025.05.23D13:30:29.576747218,IBM,256.57,100
2025.05.23D13:30:29.580340658,IBM,256.545,50
2025.05.23D13:30:29.580406832,IBM,256.545,25
2025.05.23D13:30:29.580488111,IBM,256.545,12
2025.05.23D13:30:29.580557212,IBM,256.545,25
2025.05.23D13:30:29.580620364,IBM,256.545,5
2025.05.23D13:30:29.585398785,IBM,256.545,25
2025.05.23D13:30:30.412355933,IBM,256.374,1
2025.05.23D13:30:30.464737735,IBM,256.47,100
2025.05.23D13:30:31.029612164,IBM,256.2601,1
2025.05.23D13:30:31.831552702,IBM,256.545,1
2025.05.23D13:30:31.834325290,IBM,256.44,9
2025.05.23D13:30:32.887706557,IBM,256.3279,1
2025.05.23D13:30:33.645005849,IBM,256.545,25
2025.05.23D13:30:33.645108046,IBM,256.545,25
2025.05.23D13:30:34.986791914,IBM,256.35,26
2025.05.23D13:30:34.989645772,IBM,256.29,11
2025.05.23D13:30:35.478949915,IBM,256.545,1
2025.05.23D13:30:35.530802241,IBM,256.56,9
2025.05.23D13:30:35.532080312,IBM,256.545,12
2025.05.23D13:30:36.655636572,IBM,256.68,1
2025.05.23D13:30:36.656770337,IBM,256.545,88
2025.05.23D13:30:36.660535235,IBM,256.545,212
2025.05.23D13:30:36.660601381,IBM,256.545,50
2025.05.23D13:30:36.760778923,IBM,256.545,10
2025.05.23D13:30:38.035460235,IBM,256.42,12
2025.05.23D13:30:38.134173466,IBM,256.36,100
2025.05.23D13:30:38.739496778,IBM,256.52,25
2025.05.23D13:30:38.739590037,IBM,256.52,259
2025.05.23D13:30:38.739659228,IBM,256.54,100
2025.05.23D13:30:38.739668277,IBM,256.52,16
2025.05.23D13:30:39.965666563,IBM,256.54,1
2025.05.23D13:30:39.970805807,IBM,256.54,1
2025.05.23D13:30:40.065910270,IBM,256.54,1
2025.05.23D13:30:40.207373227,IBM,256.54,1
2025.05.23D13:30:41.306700735,IBM,257.89,1
2025.05.23D13:30:41.309485454,IBM,256.46,12
2025.05.23D13:30:42.877767856,IBM,256.6,2
2025.05.23D13:30:42.973130912,IBM,256.52,100
2025.05.23D13:30:43.059373296,IBM,256.3,5
2025.05.23D13:30:43.123122049,IBM,256.4,50
2025.05.23D13:30:43.123152205,IBM,256.31,50
2025.05.23D13:30:43.174586579,IBM,256.82,3
2025.05.23D13:30:43.194650379,IBM,256.54,100
2025.05.23D13:30:43.206814327,IBM,256.54,98
2025.05.23D13:30:43.207292487,IBM,256.54,12
2025.05.23D13:30:43.294659575,IBM,256.54,1
2025.05.23D13:30:43.971237759,IBM,257.89,1
2025.05.23D13:30:44.194775043,IBM,256.27,1
2025.05.23D13:30:44.197851307,IBM,256.41,11
2025.05.23D13:30:45.479013013,IBM,256.5925,46
2025.05.23D13:30:45.496042623,IBM,257.89,1
2025.05.23D13:30:45.920816154,IBM,257.89,1
2025.05.23D13:30:46.788436020,IBM,256.708,1
2025.05.23D13:30:46.791966435,IBM,256.54,3
2025.05.23D13:30:46.792020515,IBM,256.51,100
2025.05.23D13:30:46.792071660,IBM,256.37,10
2025.05.23D13:30:46.792167905,IBM,256.54,100
2025.05.23D13:30:46.792267176,IBM,256.56,100
2025.05.23D13:30:46.792540812,IBM,256.54,100
2025.05.23D13:30:46.792585910,IBM,256.57,100
2025.05.23D13:30:46.979330545,IBM,256.3075,69
2025.05.23D13:30:46.980518463,IBM,256.59,100
2025.05.23D13:30:48.448298518,IBM,257.89,1
2025.05.23D13:30:48.449847157,IBM,256.54,9
2025.05.23D13:30:48.907227445,IBM,256.75,2
2025.05.23D13:30:48.907314654,IBM,256.8,50
2025.05.23D13:30:48.907494985,IBM,256.76,100
2025.05.23D13:30:48.907494985,IBM,256.77,5
2025.05.23D13:30:48.907497999,IBM,256.81,9
2025.05.23D13:30:48.908661747,IBM,256.77,100
2025.05.23D13:30:48.908869340,IBM,256.54,2
2025.05.23D13:30:48.909251177,IBM,256.82,2
2025.05.23D13:30:48.911356228,IBM,256.781,1
2025.05.23D13:30:49.379706544,IBM,256.38,1
2025.05.23D13:30:49.616914375,IBM,256.545,10
2025.05.23D13:30:49.618363940,IBM,256.545,4
2025.05.23D13:30:49.810461210,IBM,256.8188,1
2025.05.23D13:30:49.999819121,IBM,256.545,3
2025.05.23D13:30:51.058793861,IBM,256.56,100
2025.05.23D13:30:51.146434612,IBM,256.55,10
2025.05.23D13:30:52.524577449,IBM,257.89,1
2025.05.23D13:30:53.824479563,IBM,256.7816,1
2025.05.23D13:30:54.502383778,IBM,256.5392,15
2025.05.23D13:30:54.662560210,IBM,256.7816,1
2025.05.23D13:30:55.000348483,IBM,256.558,168
2025.05.23D13:30:56.066633529,IBM,256.55,5
2025.05.23D13:30:56.066696733,IBM,256.55,50
2025.05.23D13:30:56.066760078,IBM,256.55,45
2025.05.23D13:30:56.074103355,IBM,256.51,50
2025.05.23D13:30:58.179115874,IBM,256.39,100
2025.05.23D13:30:58.180757798,IBM,256.32,100
2025.05.23D13:30:58.184826515,IBM,256.49,50
2025.05.23D13:30:58.391704199,IBM,256.28,1
2025.05.23D13:30:59.448832656,IBM,256.29,36
2025.05.23D13:30:59.460202705,IBM,256.5933,1
2025.05.23D13:30:59.594132672,IBM,256.45,200
2025.05.23D13:30:59.760642203,IBM,256.49,6
2025.05.23D13:31:00.256910918,IBM,256.69,120
2025.05.23D13:31:00.356835888,IBM,256.7,1
2025.05.23D13:31:00.992296925,IBM,256.49,50
2025.05.23D13:31:02.081249859,IBM,256.62,23
2025.05.23D13:31:03.518161372,IBM,256.45,45
2025.05.23D13:31:03.526352981,IBM,257.89,1
2025.05.23D13:31:05.660553740,IBM,256.61,20
2025.05.23D13:31:05.660553740,IBM,256.62,156
2025.05.23D13:31:05.660622081,IBM,256.61,100
2025.05.23D13:31:05.660625353,IBM,256.61,20
2025.05.23D13:31:05.660625353,IBM,256.61,20
2025.05.23D13:31:05.660631135,IBM,256.62,7
2025.05.23D13:31:05.660631135,IBM,256.62,200
2025.05.23D13:31:05.660634557,IBM,256.62,65
2025.05.23D13:31:05.660634557,IBM,256.62,22
2025.05.23D13:31:05.660637159,IBM,256.61,12
2025.05.23D13:31:05.660640342,IBM,256.62,20
2025.05.23D13:31:05.660640342,IBM,256.62,68
2025.05.23D13:31:05.660643210,IBM,256.62,200
2025.05.23D13:31:05.660649217,IBM,256.62,100
2025.05.23D13:31:05.660661407,IBM,256.62,32
2025.05.23D13:31:05.660664569,IBM,256.62,101
2025.05.23D13:31:05.660664569,IBM,256.62,30
2025.05.23D13:31:05.660703268,IBM,256.67,3
2025.05.23D13:31:05.660787533,IBM,256.64,96
2025.05.23D13:31:05.660898789,IBM,256.67,1
2025.05.23D13:31:05.660898789,IBM,256.67,62
2025.05.23D13:31:05.661076273,IBM,256.64,4
2025.05.23D13:31:05.661082263,IBM,256.66,100
2025.05.23D13:31:05.661085164,IBM,256.66,3
2025.05.23D13:31:05.661091257,IBM,256.66,97
2025.05.23D13:31:05.661097256,IBM,256.67,7
2025.05.23D13:31:05.661109256,IBM,256.67,3
2025.05.23D13:31:05.661127278,IBM,256.67,97
2025.05.23D13:31:05.661253651,IBM,256.67,38
2025.05.23D13:31:05.661262558,IBM,256.71,5
2025.05.23D13:31:05.661376846,IBM,256.72,10
2025.05.23D13:31:05.661385883,IBM,256.7,5
2025.05.23D13:31:05.661413661,IBM,256.71,100
2025.05.23D13:31:05.661413661,IBM,256.74,300
2025.05.23D13:31:05.661422330,IBM,256.73,10
2025.05.23D13:31:05.661422330,IBM,256.73,5
2025.05.23D13:31:05.661443030,IBM,256.7,1
2025.05.23D13:31:05.661476163,IBM,256.74,20
2025.05.23D13:31:05.661479228,IBM,256.74,35
2025.05.23D13:31:05.661479228,IBM,256.74,1
2025.05.23D13:31:05.661518251,IBM,256.62,100
2025.05.23D13:31:05.661761782,IBM,256.59,15
2025.05.23D13:31:05.661942225,IBM,256.72,20
2025.05.23D13:31:05.661993352,IBM,256.74,100
2025.05.23D13:31:05.663202223,IBM,256.72,20
2025.05.23D13:31:05.663268358,IBM,256.74,1
2025.05.23D13:31:05.668960950,IBM,256.71,200
2025.05.23D13:31:05.669697667,IBM,256.71,200
2025.05.23D13:31:05.669887154,IBM,256.71,190
2025.05.23D13:31:05.674512143,IBM,256.72,60
2025.05.23D13:31:05.674512143,IBM,256.73,40
2025.05.23D13:31:05.674569253,IBM,256.73,50
2025.05.23D13:31:05.674587359,IBM,256.83,1
2025.05.23D13:31:05.674614367,IBM,256.73,10
2025.05.23D13:31:05.674639035,IBM,256.87,1
2025.05.23D13:31:05.674639035,IBM,256.9,8
2025.05.23D13:31:05.674707579,IBM,256.74,100
2025.05.23D13:31:05.679834794,IBM,256.68,12
2025.05.23D13:31:05.679886342,IBM,256.7,12
2025.05.23D13:31:05.679889164,IBM,256.68,1
2025.05.23D13:31:05.679891972,IBM,256.6,1
2025.05.23D13:31:05.679894975,IBM,256.6,86
2025.05.23D13:31:05.680893418,IBM,256.66,1
2025.05.23D13:31:05.680947557,IBM,256.66,60
2025.05.23D13:31:05.680947557,IBM,256.66,40
2025.05.23D13:31:05.680953512,IBM,256.66,1
2025.05.23D13:31:05.680971603,IBM,256.74,100
2025.05.23D13:31:05.681053260,IBM,256.89,20
2025.05.23D13:31:05.681053260,IBM,256.89,50
2025.05.23D13:31:05.681058782,IBM,256.89,1
2025.05.23D13:31:05.681058782,IBM,256.9,1
2025.05.23D13:31:05.681365444,IBM,256.94,100
2025.05.23D13:31:05.681542924,IBM,256.66,100
2025.05.23D13:31:05.681936879,IBM,256.94,199
2025.05.23D13:31:05.686561835,IBM,256.88,25
2025.05.23D13:31:05.687500111,IBM,256.8,5
2025.05.23D13:31:05.920464990,IBM,256.93,6
2025.05.23D13:31:05.920464990,IBM,256.93,7
2025.05.23D13:31:05.920467788,IBM,256.94,2
2025.05.23D13:31:05.924828224,IBM,256.94,4
2025.05.23D13:31:05.924840231,IBM,256.86,20
2025.05.23D13:31:06.799842992,IBM,256.77,25
2025.05.23D13:31:06.800017321,IBM,256.77,25
2025.05.23D13:31:06.800173680,IBM,256.8,25
2025.05.23D13:31:06.800633707,IBM,256.8,25
2025.05.23D13:31:07.060834292,IBM,256.975,1
2025.05.23D13:31:07.675461908,IBM,256.94,1
2025.05.23D13:31:07.675810646,IBM,256.94,199
2025.05.23D13:31:07.684263868,IBM,256.8,100
2025.05.23D13:31:07.835930123,IBM,256.755,25
2025.05.23D13:31:07.836095358,IBM,256.78,25
2025.05.23D13:31:08.350788898,IBM,257.3488,1
2025.05.23D13:31:08.366859253,IBM,256.93,14
2025.05.23D13:31:09.326113348,IBM,256.6555,4
2025.05.23D13:31:09.944993014,IBM,256.8,50
2025.05.23D13:31:10.161120684,IBM,256.74,50
2025.05.23D13:31:10.161150835,IBM,256.71,34
2025.05.23D13:31:10.161177904,IBM,256.71,16
2025.05.23D13:31:10.161226042,IBM,256.69,3
2025.05.23D13:31:10.490209291,IBM,256.64,90
2025.05.23D13:31:10.490675440,IBM,256.63,20
2025.05.23D13:31:11.215731915,IBM,256.7,20
2025.05.23D13:31:11.399704036,IBM,256.8122,1
2025.05.23D13:31:11.406304815,IBM,256.94,1
2025.05.23D13:31:13.163112149,IBM,256.77,5
2025.05.23D13:31:13.619665225,IBM,256.94,3
2025.05.23D13:31:13.620023034,IBM,256.94,97
2025.05.23D13:31:13.634532671,IBM,256.775,84
2025.05.23D13:31:13.735690478,IBM,256.53,16
2025.05.23D13:31:13.904536581,IBM,256.66,15
2025.05.23D13:31:13.904545620,IBM,256.66,15
2025.05.23D13:31:13.904572627,IBM,256.66,1
2025.05.23D13:31:13.904578650,IBM,256.66,25
2025.05.23D13:31:13.904597175,IBM,256.66,59
2025.05.23D13:31:13.904597175,IBM,256.64,2
2025.05.23D13:31:13.904602696,IBM,256.66,100
2025.05.23D13:31:14.220065858,IBM,256.66,25
2025.05.23D13:31:14.220237342,IBM,256.655,25
2025.05.23D13:31:14.850261546,IBM,256.64,50
2025.05.23D13:31:15.512098529,IBM,256.905,2
2025.05.23D13:31:15.593950422,IBM,257.3099,10
2025.05.23D13:31:16.155062607,IBM,256.79,4
2025.05.23D13:31:16.785796522,IBM,257.2088,1
2025.05.23D13:31:21.804928252,IBM,256.885,1
2025.05.23D13:31:21.940265497,IBM,256.885,1
2025.05.23D13:31:24.002804823,IBM,256.895,1
2025.05.23D13:31:24.702853811,IBM,256.94,8
2025.05.23D13:31:26.623852156,IBM,256.635,25
2025.05.23D13:31:26.672706490,IBM,257.25,1
2025.05.23D13:31:27.006540426,IBM,256.57,20
2025.05.23D13:31:27.006603692,IBM,256.57,10
2025.05.23D13:31:27.006615542,IBM,256.57,10
2025.05.23D13:31:27.006654721,IBM,256.57,10
2025.05.23D13:31:27.006675660,IBM,256.57,10
2025.05.23D13:31:27.006681677,IBM,256.57,10
2025.05.23D13:31:27.006687842,IBM,256.57,10
2025.05.23D13:31:27.006717811,IBM,256.57,10
2025.05.23D13:31:27.006756869,IBM,256.55,20
2025.05.23D13:31:27.006756869,IBM,256.54,20
2025.05.23D13:31:27.006762939,IBM,256.56,10
2025.05.23D13:31:27.006808047,IBM,256.57,20
2025.05.23D13:31:27.006820018,IBM,256.55,10
2025.05.23D13:31:27.006829239,IBM,256.57,20
2025.05.23D13:31:27.006835148,IBM,256.54,10
2025.05.23D13:31:27.006847127,IBM,256.54,10
2025.05.23D13:31:27.007012571,IBM,256.55,20
2025.05.23D13:31:27.007016292,IBM,256.54,20
2025.05.23D13:31:27.007016292,IBM,256.54,50
2025.05.23D13:31:27.007045645,IBM,256.54,10
2025.05.23D13:31:27.007063607,IBM,256.53,102
2025.05.23D13:31:27.007090684,IBM,256.53,10
2025.05.23D13:31:27.007460637,IBM,256.52,10
2025.05.23D13:31:27.007574820,IBM,256.51,8
2025.05.23D13:31:27.007659360,IBM,256.51,20
2025.05.23D13:31:27.007752290,IBM,256.5,2
2025.05.23D13:31:28.010547197,IBM,256.385,25
2025.05.23D13:31:30.061376656,IBM,256.385,100
2025.05.23D13:31:31.072988790,IBM,256.5055,1
2025.05.23D13:31:32.343532012,IBM,256.385,10
2025.05.23D13:31:32.512050232,IBM,256.385,40
2025.05.23D13:31:32.512113476,IBM,256.385,40
2025.05.23D13:31:32.512116460,IBM,256.385,40
2025.05.23D13:31:32.545432791,IBM,256.385,2
2025.05.23D13:31:35.268708553,IBM,257.89,1
2025.05.23D13:31:36.055363670,IBM,256.51,100
2025.05.23D13:31:36.069190653,IBM,256.38,50
2025.05.23D13:31:36.093299008,IBM,256.73,3
2025.05.23D13:31:36.948707023,IBM,256.37,4
2025.05.23D13:31:38.196543383,IBM,256.3253,2
2025.05.23D13:31:38.282912102,IBM,256.375,1
2025.05.23D13:31:41.058882313,IBM,256.36,100
2025.05.23D13:31:41.059594790,IBM,256.36,100
2025.05.23D13:31:41.060890941,IBM,256.36,100
2025.05.23D13:31:41.062120791,IBM,256.36,100
2025.05.23D13:31:41.064168701,IBM,256.36,100
2025.05.23D13:31:41.065906837,IBM,256.36,100
2025.05.23D13:31:41.066264699,IBM,256.36,100
2025.05.23D13:31:41.066974405,IBM,256.36,100
2025.05.23D13:31:41.077463368,IBM,256.36,3
2025.05.23D13:31:41.123235322,IBM,256.36,10
2025.05.23D13:31:41.123307538,IBM,256.36,10
2025.05.23D13:31:41.474528853,IBM,256.09,5
2025.05.23D13:31:42.676722602,IBM,256.68,14
2025.05.23D13:31:43.067301768,IBM,256.2411,1
2025.05.23D13:31:47.024039568,IBM,256.2,8
2025.05.23D13:31:47.024207928,IBM,256.14,1
2025.05.23D13:31:47.024292070,IBM,256.14,1
2025.05.23D13:31:47.024586882,IBM,256.2,1
2025.05.23D13:31:47.025067989,IBM,256.26,5
2025.05.23D13:31:47.046054893,IBM,256.06,5
2025.05.23D13:31:47.046091066,IBM,256.02,112
2025.05.23D13:31:47.046097138,IBM,256.01,20
2025.05.23D13:31:47.046220439,IBM,256,1
2025.05.23D13:31:47.046227083,IBM,256,8
2025.05.23D13:31:47.046227083,IBM,256,13
2025.05.23D13:31:47.046229460,IBM,256,1
2025.05.23D13:31:47.046232336,IBM,256,10
2025.05.23D13:31:47.046238341,IBM,256.01,20
2025.05.23D13:31:47.046352782,IBM,256,218
2025.05.23D13:31:47.046361637,IBM,256,41
2025.05.23D13:31:47.046448847,IBM,256,20
2025.05.23D13:31:47.046560141,IBM,256.01,10
2025.05.23D13:31:47.046572228,IBM,256,2
2025.05.23D13:31:47.046578199,IBM,256,10
2025.05.23D13:31:47.046587249,IBM,256,4
2025.05.23D13:31:47.046611278,IBM,256,100
2025.05.23D13:31:47.046614269,IBM,256,28
2025.05.23D13:31:47.046614269,IBM,256,10
2025.05.23D13:31:47.046665351,IBM,255.98,39
2025.05.23D13:31:47.046863820,IBM,255.98,8
2025.05.23D13:31:47.046921013,IBM,255.98,238
2025.05.23D13:31:47.046929974,IBM,255.98,65
2025.05.23D13:31:47.047116429,IBM,255.95,5
2025.05.23D13:31:47.047158611,IBM,255.9,2
2025.05.23D13:31:47.047191645,IBM,255.97,100
2025.05.23D13:31:47.047206699,IBM,255.93,42
2025.05.23D13:31:47.047212685,IBM,255.9,2
2025.05.23D13:31:47.047609661,IBM,255.9,4
2025.05.23D13:31:47.047630659,IBM,256.05,100
2025.05.23D13:31:47.047666812,IBM,255.93,31
2025.05.23D13:31:47.047670500,IBM,255.93,4
2025.05.23D13:31:47.047670500,IBM,255.93,60
2025.05.23D13:31:47.047676482,IBM,256.05,100
2025.05.23D13:31:47.047676482,IBM,255.87,100
2025.05.23D13:31:47.047690989,IBM,255.93,36
2025.05.23D13:31:47.047693837,IBM,255.93,100
2025.05.23D13:31:47.047916426,IBM,256.05,100
2025.05.23D13:31:47.047967579,IBM,256.05,7
2025.05.23D13:31:47.047970715,IBM,256.05,100
2025.05.23D13:31:47.047973513,IBM,256.06,14
2025.05.23D13:31:47.047985677,IBM,256.05,27
2025.05.23D13:31:47.047985677,IBM,256.08,7
2025.05.23D13:31:47.048006543,IBM,256.045,136
2025.05.23D13:31:47.048021674,IBM,256.05,400
2025.05.23D13:31:47.048078813,IBM,256.045,264
2025.05.23D13:31:47.048090741,IBM,256.12,14
2025.05.23D13:31:47.048117858,IBM,256.045,100
2025.05.23D13:31:47.048162963,IBM,256.13,50
2025.05.23D13:31:47.048178049,IBM,255.98,14
2025.05.23D13:31:47.048187152,IBM,256.05,800
2025.05.23D13:31:47.048232068,IBM,256.05,100
2025.05.23D13:31:47.048238155,IBM,256.045,100
2025.05.23D13:31:47.048481757,IBM,255.97,100
2025.05.23D13:31:47.048523873,IBM,256.045,100
2025.05.23D13:31:47.048608023,IBM,255.98,1
2025.05.23D13:31:47.048644087,IBM,255.9,200
2025.05.23D13:31:47.048797436,IBM,255.9,200
2025.05.23D13:31:47.049017039,IBM,255.8401,301
2025.05.23D13:31:47.049474134,IBM,256.045,800
2025.05.23D13:31:47.049543246,IBM,256.22,2
2025.05.23D13:31:47.049928179,IBM,256.22,100
2025.05.23D13:31:47.050280007,IBM,255.97,1
2025.05.23D13:31:47.050893519,IBM,255.8834,1
2025.05.23D13:31:47.051131081,IBM,256.1,1
2025.05.23D13:31:47.051284406,IBM,256.16,6
2025.05.23D13:31:47.051738511,IBM,256.15,50
2025.05.23D13:31:47.052520300,IBM,255.84,4
2025.05.23D13:31:47.053239061,IBM,255.84,1
2025.05.23D13:31:47.054120169,IBM,256.14,40
2025.05.23D13:31:47.054390735,IBM,256.13,40
2025.05.23D13:31:47.054715570,IBM,256.03,15
2025.05.23D13:31:47.060017236,IBM,256.3,11
2025.05.23D13:31:47.060735876,IBM,256.345,2
2025.05.23D13:31:47.061749359,IBM,256.13,20
2025.05.23D13:31:47.064726363,IBM,256.13,17
2025.05.23D13:31:47.069979943,IBM,256.15,7
2025.05.23D13:31:47.073868271,IBM,256.13,1
2025.05.23D13:31:47.074295187,IBM,256.15,2
2025.05.23D13:31:47.076312971,IBM,256.13,100
2025.05.23D13:31:47.085063809,IBM,256.15,10
2025.05.23D13:31:47.089288892,IBM,256.155,40
2025.05.23D13:31:47.089544506,IBM,256.13,40
2025.05.23D13:31:47.090248277,IBM,255.84,1
2025.05.23D13:31:47.090569975,IBM,256.15,5
2025.05.23D13:31:47.091042110,IBM,256.13,20
2025.05.23D13:31:47.093538043,IBM,256.15,3
2025.05.23D13:31:47.103954855,IBM,256.15,1
2025.05.23D13:31:47.104014984,IBM,256.15,4
2025.05.23D13:31:47.105461441,IBM,256.42,3
2025.05.23D13:31:47.189048435,IBM,255.8401,45
2025.05.23D13:31:47.190398676,IBM,256.4,1
2025.05.23D13:31:47.191039232,IBM,255.8405,21
2025.05.23D13:31:47.290711545,IBM,256.15,3
2025.05.23D13:31:47.311268478,IBM,256.13,8
2025.05.23D13:31:47.614793281,IBM,256.3817,1
2025.05.23D13:31:47.728045914,IBM,256.4,1
2025.05.23D13:31:48.044760046,IBM,256.32,10
2025.05.23D13:31:51.068231725,IBM,256.215,80
2025.05.23D13:31:51.146403160,IBM,256.215,20
2025.05.23D13:31:51.146409533,IBM,256.06,134
2025.05.23D13:31:51.146409533,IBM,256.04,125
2025.05.23D13:31:51.146411927,IBM,256.03,51
2025.05.23D13:31:51.146544184,IBM,256.26,34
2025.05.23D13:31:51.146661439,IBM,256.215,100
2025.05.23D13:31:51.146709616,IBM,256.215,50
2025.05.23D13:31:51.146712630,IBM,256.215,100
2025.05.23D13:31:51.146715862,IBM,256.09,100
2025.05.23D13:31:51.146718671,IBM,256.08,100
2025.05.23D13:31:51.146718671,IBM,256.05,25
2025.05.23D13:31:51.146724589,IBM,256.04,44
2025.05.23D13:31:51.146727688,IBM,256.04,49
2025.05.23D13:31:51.146730687,IBM,256.02,100
2025.05.23D13:31:51.146730687,IBM,256.02,100
2025.05.23D13:31:51.146736635,IBM,256.02,5
2025.05.23D13:31:51.146736635,IBM,256,34
2025.05.23D13:31:51.146739951,IBM,255.99,40
2025.05.23D13:31:51.146739951,IBM,256.215,100
2025.05.23D13:31:51.146742848,IBM,255.98,100
2025.05.23D13:31:51.146745651,IBM,255.98,100
2025.05.23D13:31:51.146748714,IBM,255.98,12
2025.05.23D13:31:51.146748714,IBM,255.96,100
2025.05.23D13:31:51.146751656,IBM,255.94,100
2025.05.23D13:31:51.146757945,IBM,255.91,100
2025.05.23D13:31:51.146757945,IBM,255.9,34
2025.05.23D13:31:51.146761391,IBM,255.89,100
2025.05.23D13:31:51.146761391,IBM,255.85,100
2025.05.23D13:31:51.146763731,IBM,256.215,34
2025.05.23D13:31:51.146766938,IBM,256.215,66
2025.05.23D13:31:51.146766938,IBM,255.85,100
2025.05.23D13:31:51.146769730,IBM,255.85,100
2025.05.23D13:31:51.146769730,IBM,255.85,50
2025.05.23D13:31:51.146772748,IBM,255.84,400
2025.05.23D13:31:51.146772748,IBM,255.84,527
2025.05.23D13:31:51.146790805,IBM,256.215,34
2025.05.23D13:31:51.146799812,IBM,256.215,66
2025.05.23D13:31:51.146802768,IBM,256.215,100
2025.05.23D13:31:51.146808803,IBM,256.17,34
2025.05.23D13:31:51.146815109,IBM,256.215,100
2025.05.23D13:31:51.146817839,IBM,256.12,66
2025.05.23D13:31:51.146820840,IBM,256.18,100
2025.05.23D13:31:51.146850964,IBM,256.215,34
2025.05.23D13:31:51.146865938,IBM,256.215,16
2025.05.23D13:31:51.146905085,IBM,256.1,3
2025.05.23D13:31:51.146962200,IBM,256.21,34
2025.05.23D13:31:51.146974264,IBM,256.1,3
2025.05.23D13:31:51.146983356,IBM,256.1,3
2025.05.23D13:31:51.146983356,IBM,256.1,3
2025.05.23D13:31:51.146998305,IBM,256.12,3
2025.05.23D13:31:51.147091466,IBM,256.15,3
2025.05.23D13:31:51.147097521,IBM,256.21,16
2025.05.23D13:31:51.147124629,IBM,256.1075,34
2025.05.23D13:31:51.147142608,IBM,256.3,7
2025.05.23D13:31:51.147151658,IBM,256.15,100
2025.05.23D13:31:51.147154615,IBM,256.15,100
2025.05.23D13:31:51.147163653,IBM,256.15,742
2025.05.23D13:31:51.147214799,IBM,256.215,34
2025.05.23D13:31:51.147241859,IBM,256.15,10
2025.05.23D13:31:51.147262942,IBM,256.215,6
2025.05.23D13:31:51.147268993,IBM,256.15,313
2025.05.23D13:31:51.147311093,IBM,256.215,94
2025.05.23D13:31:51.147359191,IBM,256.1325,34
2025.05.23D13:31:51.147365656,IBM,256.215,6
2025.05.23D13:31:51.147365656,IBM,256.39,34
2025.05.23D13:31:51.147434326,IBM,256.145,34
2025.05.23D13:31:51.147440295,IBM,256.1725,66
2025.05.23D13:31:51.147638781,IBM,256.28,34
2025.05.23D13:31:51.147701984,IBM,256.145,66
2025.05.23D13:31:51.148282494,IBM,256.15,102
2025.05.23D13:31:51.148307251,IBM,256.15,206
2025.05.23D13:31:51.148307251,IBM,256.15,100
2025.05.23D13:31:51.148321492,IBM,256.26,34
2025.05.23D13:31:51.148558980,IBM,256.14,100
2025.05.23D13:31:51.148561960,IBM,256.09,100
2025.05.23D13:31:51.148589038,IBM,256.16,34
2025.05.23D13:31:51.148820673,IBM,256.3,10
2025.05.23D13:31:51.153722328,IBM,256.215,100
2025.05.23D13:31:51.159063073,IBM,256.15,50
2025.05.23D13:31:51.159126207,IBM,256.15,25
2025.05.23D13:31:51.159192294,IBM,256.15,50
2025.05.23D13:31:51.159198357,IBM,256.15,100
2025.05.23D13:31:51.159953111,IBM,256.15,200
2025.05.23D13:31:51.162085216,IBM,256.15,66
2025.05.23D13:31:51.198784640,IBM,256.15,34
2025.05.23D13:31:51.346030248,IBM,256.15,100
2025.05.23D13:31:51.388124422,IBM,256.17,34
2025.05.23D13:31:51.395801741,IBM,256.15,25
2025.05.23D13:31:51.396776101,IBM,256.15,25
2025.05.23D13:31:51.789517290,IBM,256,72
2025.05.23D13:31:51.924785590,IBM,255.96,40
2025.05.23D13:31:51.924785590,IBM,255.92,60
2025.05.23D13:31:51.925200362,IBM,255.99,34
2025.05.23D13:31:51.925236535,IBM,255.99,66
2025.05.23D13:31:51.925639497,IBM,256,40
2025.05.23D13:31:51.925753846,IBM,256.05,100
2025.05.23D13:31:51.926081482,IBM,255.99,34
2025.05.23D13:31:51.926222809,IBM,256.05,100
2025.05.23D13:31:51.926337142,IBM,256.05,100
2025.05.23D13:31:52.021122836,IBM,255.94,100
2025.05.23D13:31:52.068554839,IBM,255.7901,1
2025.05.23D13:31:52.099982576,IBM,255.91,100
2025.05.23D13:31:53.444481259,IBM,256.15,1
2025.05.23D13:31:53.702561739,IBM,256.05,100
2025.05.23D13:31:53.760350406,IBM,256.02,12
2025.05.23D13:31:54.161246972,IBM,256.06,5
2025.05.23D13:31:54.370755838,IBM,256.06,50
2025.05.23D13:31:54.370773949,IBM,256.06,50
2025.05.23D13:31:55.938096949,IBM,256.3788,1
2025.05.23D13:31:56.106073931,IBM,255.79,1
2025.05.23D13:31:58.114692011,IBM,256.3418,100
2025.05.23D13:31:58.478624610,IBM,255.7901,1
2025.05.23D13:31:59.258405313,IBM,255.97,6
2025.05.23D13:32:01.046072316,IBM,256.4912,4
2025.05.23D13:32:01.046174491,IBM,256.4912,7
2025.05.23D13:32:01.050366479,IBM,256.4912,6
2025.05.23D13:32:02.565746970,IBM,256.33,1
2025.05.23D13:32:03.071566568,IBM,256.2954,1
2025.05.23D13:32:03.108759124,IBM,255.79,250
2025.05.23D13:32:03.109994962,IBM,255.79,6
2025.05.23D13:32:03.115428992,IBM,255.79,3
2025.05.23D13:32:03.182639040,IBM,255.91,34
2025.05.23D13:32:03.182666075,IBM,255.85,66
2025.05.23D13:32:03.184449306,IBM,256.05,100
2025.05.23D13:32:03.184560682,IBM,256.05,100
2025.05.23D13:32:03.244763894,IBM,256.32,50
2025.05.23D13:32:03.253875582,IBM,256.0492,7
2025.05.23D13:32:03.254161265,IBM,256.32,66
2025.05.23D13:32:03.254516124,IBM,256.32,34
2025.05.23D13:32:03.256867796,IBM,256.06,3
2025.05.23D13:32:03.288235477,IBM,255.84,60
2025.05.23D13:32:03.292256026,IBM,256.06,95
2025.05.23D13:32:03.307321893,IBM,256.32,6
2025.05.23D13:32:03.307733829,IBM,256.32,1
2025.05.23D13:32:03.308888629,IBM,256.06,8
2025.05.23D13:32:03.308909696,IBM,256.06,21
2025.05.23D13:32:03.310894414,IBM,256.32,10
2025.05.23D13:32:03.311011675,IBM,256.32,19
2025.05.23D13:32:03.323656813,IBM,256.0492,1
2025.05.23D13:32:03.324601014,IBM,256.06,10
2025.05.23D13:32:03.366070120,IBM,256.06,43
2025.05.23D13:32:03.372120130,IBM,255.7901,1000
2025.05.23D13:32:03.401888106,IBM,256.141,10
2025.05.23D13:32:03.403045776,IBM,256.32,5
2025.05.23D13:32:03.404792931,IBM,256.06,100
2025.05.23D13:32:03.405698110,IBM,256.0772,60
2025.05.23D13:32:03.405998892,IBM,256.0772,10
2025.05.23D13:32:03.406467942,IBM,256.06,5
2025.05.23D13:32:03.414851865,IBM,256.32,20
2025.05.23D13:32:03.444147689,IBM,256.32,9
2025.05.23D13:32:03.445879866,IBM,256.0772,20
2025.05.23D13:32:03.448724545,IBM,256.32,2
2025.05.23D13:32:03.449840214,IBM,256.06,10
2025.05.23D13:32:03.454802018,IBM,256.06,15
2025.05.23D13:32:03.456146295,IBM,256.06,4
2025.05.23D13:32:03.461117056,IBM,255.88,100
2025.05.23D13:32:03.544129800,IBM,256.32,15
2025.05.23D13:32:03.560242151,IBM,256.06,21
2025.05.23D13:32:03.599470545,IBM,255.91,100
2025.05.23D13:32:03.599569718,IBM,255.89,48
2025.05.23D13:32:03.655232270,IBM,256.0492,15
2025.05.23D13:32:03.683866585,IBM,255.89,52
2025.05.23D13:32:03.683866585,IBM,255.84,48
2025.05.23D13:32:03.683980730,IBM,255.84,9
2025.05.23D13:32:03.684810735,IBM,255.99,100
2025.05.23D13:32:03.686215045,IBM,256.05,100
2025.05.23D13:32:03.751602752,IBM,256.06,25
2025.05.23D13:32:03.751665893,IBM,256.06,12
2025.05.23D13:32:03.751728993,IBM,256.06,50
2025.05.23D13:32:03.751795237,IBM,256.06,13
2025.05.23D13:32:03.765068801,IBM,256.05,25
2025.05.23D13:32:03.766286715,IBM,256.06,34
2025.05.23D13:32:03.766885128,IBM,256.06,37
2025.05.23D13:32:03.766957269,IBM,256.06,50
2025.05.23D13:32:03.767017418,IBM,256.06,5
2025.05.23D13:32:03.767080632,IBM,256.06,8
2025.05.23D13:32:03.769597598,IBM,256.06,100
2025.05.23D13:32:03.819239832,IBM,256.08,3
2025.05.23D13:32:03.819324022,IBM,256.08,1
2025.05.23D13:32:03.819329970,IBM,256.08,1
2025.05.23D13:32:06.060521894,IBM,256.09,14
2025.05.23D13:32:06.079154358,IBM,256.08,50
2025.05.23D13:32:06.079232456,IBM,256.08,12
2025.05.23D13:32:06.079301636,IBM,256.08,24
2025.05.23D13:32:09.040323377,IBM,256.08,4
2025.05.23D13:32:09.040329466,IBM,256.06,1
2025.05.23D13:32:09.566191627,IBM,255.95,1
2025.05.23D13:32:10.206025331,IBM,256.08,4
2025.05.23D13:32:11.904839488,IBM,256.08,50
2025.05.23D13:32:12.608878936,IBM,256,10
2025.05.23D13:32:16.634691581,IBM,256.08,100
2025.05.23D13:32:17.431089870,IBM,255.79,1
2025.05.23D13:32:18.667863127,IBM,256.33,1
2025.05.23D13:32:20.276874508,IBM,255.79,1
2025.05.23D13:32:20.678922883,IBM,256.31,55
2025.05.23D13:32:20.768274581,IBM,256.07,1
2025.05.23D13:32:21.008709075,IBM,255.9,100
2025.05.23D13:32:22.385050283,IBM,255.9,8
2025.05.23D13:32:22.810777078,IBM,256.2912,3
2025.05.23D13:32:23.585232234,IBM,255.99,3
2025.05.23D13:32:23.585232234,IBM,255.98,7
2025.05.23D13:32:24.782004125,IBM,256.05,100
2025.05.23D13:32:26.262318173,IBM,255.95,1
2025.05.23D13:32:26.264065243,IBM,256.05,25
2025.05.23D13:32:26.374885113,IBM,256.05,100
2025.05.23D13:32:26.382658596,IBM,256.05,100
2025.05.23D13:32:26.622344375,IBM,256.3088,1
2025.05.23D13:32:26.757380877,IBM,256.31,6
2025.05.23D13:32:26.759675376,IBM,256.05,1
2025.05.23D13:32:26.764832627,IBM,256.0666,1
2025.05.23D13:32:26.827691429,IBM,255.95,3
2025.05.23D13:32:26.852025317,IBM,255.95,2
2025.05.23D13:32:26.974747676,IBM,255.885,40
2025.05.23D13:32:27.677301760,IBM,256.3088,1
2025.05.23D13:32:28.348761640,IBM,256.2721,3
2025.05.23D13:32:32.074170572,IBM,255.98,1
2025.05.23D13:32:32.074266865,IBM,255.95,13
2025.05.23D13:32:32.074850149,IBM,255.95,2
2025.05.23D13:32:32.074871218,IBM,255.95,8
2025.05.23D13:32:32.076801737,IBM,256.05,200
2025.05.23D13:32:32.197322772,IBM,256.3099,1
2025.05.23D13:32:32.829749673,IBM,255.79,1
2025.05.23D13:32:32.848297800,IBM,255.92,3
