datetime,sym,bid_price,bid_size,ask_price,ask_size
2025.05.23D08:00:00.001037561,IBM,257.03,2,260.91,1
2025.05.23D08:00:00.001062570,IBM,257.03,2,259.77,1
2025.05.23D08:00:00.009487606,IBM,257.03,2,259.49,1
2025.05.23D08:00:00.017576775,IBM,257.03,2,259.41,1
2025.05.23D08:00:00.017581889,IBM,257.08,1,259.41,1
2025.05.23D08:00:00.092685311,IBM,257.03,1,259.41,1
2025.05.23D08:00:00.092690335,IBM,257.03,1,259.7,1
2025.05.23D08:00:00.111926103,IBM,257.2,1,259.7,1
2025.05.23D08:00:00.111951134,IBM,257.2,1,259.5,1
2025.05.23D08:00:01.044001348,IBM,257.3,1,259.5,1
2025.05.23D08:00:01.046046252,IBM,257.3,1,259.4,1
2025.05.23D08:00:01.347312239,IBM,257.3,1,260.04,1
2025.05.23D08:00:01.347327308,IBM,257.3,1,259.8,1
2025.05.23D08:00:01.402904290,IBM,257.3,1,259.6,1
2025.05.23D08:00:01.478950013,IBM,257.3,1,259.4,1
2025.05.23D08:00:03.173366840,IBM,257.3,1,259.3,1
2025.05.23D08:00:03.183415817,IBM,257.4,1,259.3,1
2025.05.23D08:00:03.242335698,IBM,257.5,1,259.3,1
2025.05.23D08:00:03.653552835,IBM,257.6,1,259.3,1
2025.05.23D08:00:03.858565079,IBM,257.03,1,259.3,1
2025.05.23D08:00:03.858575035,IBM,257.5,1,259.3,1
2025.05.23D08:00:03.929243058,IBM,257.6,1,259.3,1
2025.05.23D08:00:05.534011849,IBM,257.03,1,259.3,1
2025.05.23D08:00:05.534021843,IBM,257.5,1,259.3,1
2025.05.23D08:00:06.942173235,IBM,257.6,1,259.3,1
2025.05.23D08:00:07.936035108,IBM,257.7,1,259.3,1
2025.05.23D08:00:08.103808865,IBM,257.7,1,259.2,1
2025.05.23D08:00:08.113812646,IBM,257.8,1,259.2,1
2025.05.23D08:00:10.101792105,IBM,257.8,1,260.07,1
2025.05.23D08:00:10.101802109,IBM,257.8,1,259.4,1
2025.05.23D08:00:10.248816432,IBM,257.8,1,259.3,1
2025.05.23D08:00:11.352549575,IBM,257.8,1,260.07,1
2025.05.23D08:00:11.352559579,IBM,257.8,1,259.4,1
2025.05.23D08:00:11.387763285,IBM,257.8,1,263.77,3
2025.05.23D08:00:11.387773340,IBM,257.8,1,259.6,1
2025.05.23D08:00:11.388429876,IBM,257.8,1,263.77,3
2025.05.23D08:00:11.388444943,IBM,257.8,1,259.8,1
2025.05.23D08:00:11.390334402,IBM,257.03,1,259.8,1
2025.05.23D08:00:11.390344554,IBM,257.7,1,259.8,1
2025.05.23D08:00:11.444001968,IBM,257.7,1,259.7,1
2025.05.23D08:00:11.480488703,IBM,257.7,1,259.4,1
2025.05.23D08:00:13.046430247,IBM,254.76,4,259.4,1
2025.05.23D08:00:13.046440173,IBM,257.6,1,259.4,1
2025.05.23D08:00:13.109690490,IBM,257.7,1,259.4,1
2025.05.23D08:00:13.109730614,IBM,257.7,1,259.3,1
2025.05.23D08:00:13.352958655,IBM,257.7,1,263.77,3
2025.05.23D08:00:13.352973667,IBM,257.7,1,259.6,1
2025.05.23D08:00:13.407879194,IBM,257.7,1,259.5,1
2025.05.23D08:00:13.483919886,IBM,257.7,1,259.4,1
2025.05.23D08:00:15.362484312,IBM,257.7,1,259.3,1
2025.05.23D08:00:15.602614946,IBM,257.7,1,263.77,3
2025.05.23D08:00:15.602624997,IBM,257.7,1,259.6,1
2025.05.23D08:00:15.655806415,IBM,257.7,1,259.4,1
2025.05.23D08:00:15.662266772,IBM,257.7,1,263.77,3
2025.05.23D08:00:15.662276714,IBM,257.7,1,259.6,1
2025.05.23D08:00:15.723908230,IBM,257.7,1,259.5,1
2025.05.23D08:00:15.760916216,IBM,257.7,1,259.2,1
2025.05.23D08:00:15.783875729,IBM,254.76,4,259.2,1
2025.05.23D08:00:15.783885730,IBM,257.5,1,259.2,1
2025.05.23D08:00:15.784512218,IBM,254.76,4,259.2,1
2025.05.23D08:00:15.784527288,IBM,257.3,1,259.2,1
2025.05.23D08:00:15.853536241,IBM,257.4,1,259.2,1
2025.05.23D08:00:15.919006934,IBM,257.5,1,259.2,1
2025.05.23D08:00:16.069459458,IBM,257.5,1,263.77,3
2025.05.23D08:00:16.069474473,IBM,257.5,1,259.5,1
2025.05.23D08:00:16.712893544,IBM,257.6,1,259.5,1
2025.05.23D08:00:17.220214287,IBM,257.7,1,259.5,1
2025.05.23D08:00:17.466289042,IBM,257.8,1,259.5,1
2025.05.23D08:00:17.773704673,IBM,257.9,1,259.5,1
2025.05.23D08:00:18.224561135,IBM,258,1,259.5,1
2025.05.23D08:00:19.225650234,IBM,258.2,1,259.5,1
2025.05.23D08:00:19.722836832,IBM,258.3,1,259.5,1
2025.05.23D08:00:19.856008318,IBM,258.3,1,263.77,3
2025.05.23D08:00:19.856018264,IBM,258.3,1,260,1
2025.05.23D08:00:19.890690694,IBM,258.3,1,263.77,3
2025.05.23D08:00:19.890700670,IBM,258.3,1,260.2,1
2025.05.23D08:00:19.927202519,IBM,254.76,4,260.2,1
2025.05.23D08:00:19.927212526,IBM,257.9,1,260.2,1
2025.05.23D08:00:19.940839867,IBM,257.9,1,260.1,1
2025.05.23D08:00:19.950442658,IBM,257.9,1,260,1
2025.05.23D08:00:20.171738597,IBM,254.76,4,260,1
2025.05.23D08:00:20.171753627,IBM,257.7,1,260,1
2025.05.23D08:00:20.663497263,IBM,257.7,1,259.99,1
2025.05.23D08:00:20.663552457,IBM,257.7,1,260,1
2025.05.23D08:00:20.691047757,IBM,257.7,1,259.7,1
2025.05.23D08:00:20.847143715,IBM,257.7,1,259.6,1
2025.05.23D08:00:21.456847659,IBM,257.7,1,259.5,1
2025.05.23D08:00:23.218023216,IBM,257.8,1,259.5,1
2025.05.23D08:00:23.255031147,IBM,258.3,1,259.5,1
2025.05.23D08:00:23.667867283,IBM,254.76,4,259.5,1
2025.05.23D08:00:23.667877297,IBM,258.2,1,259.5,1
2025.05.23D08:00:23.700219109,IBM,258.2,1,263.77,3
2025.05.23D08:00:23.700229216,IBM,258.2,1,259.6,1
2025.05.23D08:00:23.858430192,IBM,254.76,4,259.6,1
2025.05.23D08:00:23.868438948,IBM,258.3,1,259.6,1
2025.05.23D08:00:24.106394403,IBM,258.3,1,263.77,3
2025.05.23D08:00:24.106404438,IBM,258.3,1,260,1
2025.05.23D08:00:24.108424284,IBM,258.3,1,263.77,3
2025.05.23D08:00:24.108434279,IBM,258.3,1,260.2,1
2025.05.23D08:00:24.108459360,IBM,258.3,1,263.77,3
2025.05.23D08:00:24.173042799,IBM,258.3,1,260.2,1
2025.05.23D08:00:24.184269500,IBM,254.76,4,260.2,1
2025.05.23D08:00:24.184284505,IBM,258,1,260.2,1
2025.05.23D08:00:24.194759416,IBM,254.76,4,260.2,1
2025.05.23D08:00:24.194769452,IBM,257.8,1,260.2,1
2025.05.23D08:00:24.432394247,IBM,257.9,1,260.2,1
2025.05.23D08:00:24.442403047,IBM,258.4,1,260.2,1
2025.05.23D08:00:27.357235261,IBM,258.4,1,263.77,3
2025.05.23D08:00:27.357245268,IBM,258.4,1,260.4,1
2025.05.23D08:00:27.495463789,IBM,258.4,1,260.3,1
2025.05.23D08:00:27.523480338,IBM,258.4,1,260,1
2025.05.23D08:00:28.136717687,IBM,254.76,4,260,1
2025.05.23D08:00:28.136732664,IBM,257.9,1,260,1
2025.05.23D08:00:28.192435044,IBM,258,1,260,1
2025.05.23D08:00:28.206633834,IBM,258.3,1,260,1
2025.05.23D08:00:28.256016183,IBM,254.76,4,260,1
2025.05.23D08:00:28.256031186,IBM,258,1,260,1
2025.05.23D08:00:30.360136734,IBM,258,1,263.77,3
2025.05.23D08:00:30.360146760,IBM,258,1,260.1,1
2025.05.23D08:00:30.431255719,IBM,258,1,263.77,3
2025.05.23D08:00:30.431270740,IBM,258,1,260.4,1
2025.05.23D08:00:30.471200623,IBM,258.1,1,260.4,1
2025.05.23D08:00:30.481565295,IBM,258.4,1,260.4,1
2025.05.23D08:00:30.485800317,IBM,258.4,1,260.3,1
2025.05.23D08:00:30.542264490,IBM,258.4,1,259.9,1
2025.05.23D08:00:30.584935919,IBM,258.5,1,259.9,1
2025.05.23D08:00:33.609463868,IBM,258.5,1,263.77,3
2025.05.23D08:00:33.609473874,IBM,258.5,1,260,1
2025.05.23D08:00:33.610757003,IBM,258.5,1,263.77,3
2025.05.23D08:00:33.610767036,IBM,258.5,1,260.2,1
2025.05.23D08:00:33.736064714,IBM,258.5,1,260.1,1
2025.05.23D08:00:33.746078586,IBM,258.5,1,260,1
2025.05.23D08:00:35.862242608,IBM,258.5,1,263.77,3
2025.05.23D08:00:35.862257705,IBM,258.5,1,260.1,1
2025.05.23D08:00:35.862277709,IBM,258.5,1,263.77,3
2025.05.23D08:00:35.871584882,IBM,258.5,1,260.2,1
2025.05.23D08:00:36.004470705,IBM,258.5,1,260.1,1
2025.05.23D08:00:37.862652035,IBM,258.5,1,263.77,3
2025.05.23D08:00:37.862661781,IBM,258.5,1,260.3,1
2025.05.23D08:00:37.934537624,IBM,258.5,1,263.77,3
2025.05.23D08:00:37.934552706,IBM,258.5,1,260.6,1
2025.05.23D08:00:37.994054121,IBM,258.5,1,260.5,1
2025.05.23D08:00:38.013059217,IBM,258.5,1,260.2,1
2025.05.23D08:00:41.521081184,IBM,254.76,4,260.2,1
2025.05.23D08:00:41.521091250,IBM,258.3,1,260.2,1
2025.05.23D08:00:41.521196482,IBM,254.76,4,260.2,1
2025.05.23D08:00:41.521206516,IBM,258.1,1,260.2,1
2025.05.23D08:00:43.212145071,IBM,254.76,4,260.2,1
2025.05.23D08:00:43.212155070,IBM,257.8,1,260.2,1
2025.05.23D08:00:43.272252953,IBM,257.8,1,260.1,1
2025.05.23D08:00:43.282246702,IBM,257.8,1,260,1
2025.05.23D08:00:43.353440896,IBM,257.8,1,263.77,3
2025.05.23D08:00:43.353455930,IBM,257.8,1,260.2,1
2025.05.23D08:00:43.393350666,IBM,257.9,1,260.2,1
2025.05.23D08:00:43.412360843,IBM,258.4,1,260.2,1
2025.05.23D08:00:43.843505581,IBM,254.76,4,260.2,1
2025.05.23D08:00:43.843515521,IBM,258.2,1,260.2,1
2025.05.23D08:00:43.898872154,IBM,258.4,1,260.2,1
2025.05.23D08:00:43.904194712,IBM,254.76,4,260.2,1
2025.05.23D08:00:43.904209739,IBM,258.3,1,260.2,1
2025.05.23D08:00:43.914659679,IBM,254.76,4,260.2,1
2025.05.23D08:00:43.914669740,IBM,257.8,1,260.2,1
2025.05.23D08:00:45.422347734,IBM,257.9,1,260.2,1
2025.05.23D08:00:45.432090819,IBM,258.4,1,260.2,1
2025.05.23D08:00:46.532455966,IBM,254.76,4,260.2,1
2025.05.23D08:00:46.532460969,IBM,258,1,260.2,1
2025.05.23D08:00:46.604056104,IBM,258.2,1,260.2,1
2025.05.23D08:00:50.341583508,IBM,258.3,1,260.2,1
2025.05.23D08:00:50.371484490,IBM,258.6,1,260.2,1
2025.05.23D08:00:50.709813620,IBM,258.6,1,260.1,1
2025.05.23D08:00:58.358616479,IBM,258.6,1,260,1
2025.05.23D08:00:58.607417726,IBM,258.6,1,263.77,3
2025.05.23D08:00:58.607427672,IBM,258.6,1,260.2,1
2025.05.23D08:00:58.657797420,IBM,258.6,1,260.1,1
2025.05.23D08:00:58.667796188,IBM,258.6,1,260,1
2025.05.23D08:01:00.056772125,IBM,254.76,4,260,1
2025.05.23D08:01:00.056787091,IBM,258.4,1,260,1
2025.05.23D08:01:00.109126474,IBM,258.6,1,260,1
2025.05.23D08:01:02.262439045,IBM,258.6,1,259.9,1
2025.05.23D08:01:32.495584243,IBM,254.76,4,259.9,1
2025.05.23D08:01:32.495594207,IBM,258.5,1,259.9,1
2025.05.23D08:01:32.495634280,IBM,254.76,4,259.9,1
2025.05.23D08:01:32.495644388,IBM,258,1,259.9,1
2025.05.23D08:01:32.501849142,IBM,258,1,263.77,3
2025.05.23D08:01:32.501859146,IBM,258,1,260,1
2025.05.23D08:01:32.550885666,IBM,258.1,1,260,1
2025.05.23D08:01:32.559992295,IBM,258.1,1,259.9,1
2025.05.23D08:01:32.569910807,IBM,258.4,1,259.9,1
2025.05.23D08:01:32.592589758,IBM,254.76,4,259.9,1
2025.05.23D08:01:32.592604826,IBM,258.1,1,259.9,1
2025.05.23D08:01:32.747026810,IBM,258.2,1,259.9,1
2025.05.23D08:01:33.390125158,IBM,258.2,1,263.77,3
2025.05.23D08:01:33.390135164,IBM,258.2,1,260,1
2025.05.23D08:01:33.397071658,IBM,254.76,4,260,1
2025.05.23D08:01:33.397081714,IBM,258,1,260,1
2025.05.23D08:01:33.397813396,IBM,258,1,263.77,3
2025.05.23D08:01:33.397823438,IBM,258,1,260.1,1
2025.05.23D08:01:33.401011049,IBM,258,1,263.77,3
2025.05.23D08:01:33.401025999,IBM,258,1,260.3,1
2025.05.23D08:01:33.453260221,IBM,258,1,260,1
2025.05.23D08:01:33.460572501,IBM,258,1,263.77,3
2025.05.23D08:01:33.460587599,IBM,258,1,260.2,1
2025.05.23D08:01:33.484875320,IBM,254.76,4,260.2,1
2025.05.23D08:01:33.484885356,IBM,257.9,1,260.2,1
2025.05.23D08:01:33.543895605,IBM,258,1,260.2,1
2025.05.23D08:01:33.543905599,IBM,258,1,260.1,1
2025.05.23D08:01:33.556004473,IBM,254.76,4,260.1,1
2025.05.23D08:01:33.556014327,IBM,257.9,1,260.1,1
2025.05.23D08:01:33.614959419,IBM,258,1,260.1,1
2025.05.23D08:01:33.614974515,IBM,258,1,260,1
2025.05.23D08:01:33.734393334,IBM,258.1,1,260,1
2025.05.23D08:01:33.743449842,IBM,258.4,1,260,1
2025.05.23D08:01:35.381101731,IBM,258.4,1,263.77,3
2025.05.23D08:01:35.381106707,IBM,258.4,1,260.1,1
2025.05.23D08:01:35.381913666,IBM,254.76,4,260.1,1
2025.05.23D08:01:35.381928758,IBM,258.3,1,260.1,1
2025.05.23D08:01:35.433726754,IBM,258.5,1,260.1,1
2025.05.23D08:01:35.457122448,IBM,258.5,1,260,1
2025.05.23D08:01:37.490289151,IBM,254.76,4,260,1
2025.05.23D08:01:37.490299238,IBM,258.2,1,260,1
2025.05.23D08:01:37.545550505,IBM,258.5,1,260,1
2025.05.23D08:01:54.264994993,IBM,258.5,1,263.77,3
2025.05.23D08:01:54.265005017,IBM,258.5,1,260.1,1
2025.05.23D08:01:54.314893655,IBM,258.6,1,260.1,1
2025.05.23D08:01:54.338940774,IBM,255,2,260.1,1
2025.05.23D08:01:54.338950801,IBM,258.4,1,260.1,1
2025.05.23D08:01:54.339081073,IBM,255,2,260.1,1
2025.05.23D08:01:54.339096067,IBM,258.2,1,260.1,1
2025.05.23D08:01:54.404982729,IBM,258.4,1,260.1,1
2025.05.23D08:01:54.424002856,IBM,258.4,1,260,1
2025.05.23D08:01:54.494049403,IBM,258.6,1,260,1
2025.05.23D08:01:59.321481935,IBM,258.6,1,259.9,1
2025.05.23D08:02:00.228958556,IBM,255,2,259.9,1
2025.05.23D08:02:00.228973581,IBM,258.4,1,259.9,1
2025.05.23D08:02:00.299050130,IBM,258.4,1,263.77,3
2025.05.23D08:02:00.299060223,IBM,258.4,1,260,1
2025.05.23D08:02:00.299095201,IBM,255,2,260,1
2025.05.23D08:02:00.299105225,IBM,258.2,1,260,1
2025.05.23D08:02:00.300102604,IBM,255,2,260,1
2025.05.23D08:02:00.300117706,IBM,258,1,260,1
2025.05.23D08:02:00.300553669,IBM,255,2,260,1
2025.05.23D08:02:00.300568799,IBM,257.7,1,260,1
2025.05.23D08:02:00.351815509,IBM,257.9,1,260,1
2025.05.23D08:02:00.368655598,IBM,257.9,1,263.77,3
2025.05.23D08:02:00.368665636,IBM,257.9,1,260.1,1
2025.05.23D08:02:00.410399712,IBM,258,1,260.1,1
2025.05.23D08:02:00.422478494,IBM,258.2,1,260.1,1
2025.05.23D08:02:00.682466399,IBM,255,2,260.1,1
2025.05.23D08:02:00.682481421,IBM,258.1,1,260.1,1
2025.05.23D08:02:00.778875529,IBM,258.1,1,260,1
2025.05.23D08:02:00.788879214,IBM,258.2,1,260,1
2025.05.23D08:02:00.900414397,IBM,258.3,1,260,1
2025.05.23D08:02:01.176585586,IBM,258.4,1,260,1
2025.05.23D08:02:01.350413826,IBM,255,2,260,1
2025.05.23D08:02:01.350428784,IBM,258.3,1,260,1
2025.05.23D08:02:01.411107945,IBM,258.4,1,260,1
2025.05.23D08:02:01.421562772,IBM,255,2,260,1
2025.05.23D08:02:01.421572855,IBM,258,1,260,1
2025.05.23D08:02:02.158128342,IBM,258,1,263.77,3
2025.05.23D08:02:02.158138324,IBM,258,1,260.1,1
2025.05.23D08:02:02.213620212,IBM,258,1,260,1
2025.05.23D08:02:02.281010366,IBM,258.2,1,260,1
2025.05.23D08:02:02.644419035,IBM,258.2,1,263.77,3
2025.05.23D08:02:02.644429085,IBM,258.2,1,260.1,1
2025.05.23D08:02:02.644454150,IBM,258.2,1,263.77,3
2025.05.23D08:02:02.644534258,IBM,258.2,1,260.3,1
2025.05.23D08:02:02.716094300,IBM,258.2,1,263.77,3
2025.05.23D08:02:02.716104395,IBM,258.2,1,260.7,1
2025.05.23D08:02:02.774367830,IBM,258.3,1,260.7,1
2025.05.23D08:02:02.774377912,IBM,258.3,1,260.6,1
2025.05.23D08:02:02.830671629,IBM,258.3,1,260.5,1
2025.05.23D08:02:02.852493524,IBM,258.6,1,260.5,1
2025.05.23D08:02:02.852503492,IBM,258.6,1,260,1
2025.05.23D08:02:03.229654974,IBM,255,2,260,1
2025.05.23D08:02:03.229664905,IBM,258.3,1,260,1
2025.05.23D08:02:03.643628651,IBM,255,2,260,1
2025.05.23D08:02:03.644826579,IBM,255,2,263.77,3
2025.05.23D08:02:03.644841527,IBM,255,2,260.1,1
2025.05.23D08:02:03.644851561,IBM,255,2,263.77,3
2025.05.23D08:02:03.645462991,IBM,255,2,260.2,1
2025.05.23D08:02:03.651547501,IBM,255,2,263.77,3
2025.05.23D08:02:03.651562492,IBM,255,2,260.3,1
2025.05.23D08:02:03.693837967,IBM,258.3,1,260.3,1
2025.05.23D08:02:03.712502394,IBM,258.3,1,263.77,3
2025.05.23D08:02:03.712512344,IBM,258.3,1,260.5,1
2025.05.23D08:02:03.814559866,IBM,258.3,1,260,1
2025.05.23D08:02:03.835730238,IBM,258.4,1,260,1
2025.05.23D08:02:04.645885554,IBM,258.4,1,263.77,3
2025.05.23D08:02:04.645895547,IBM,258.4,1,260.3,1
2025.05.23D08:02:04.696987006,IBM,258.4,1,260.2,1
2025.05.23D08:02:04.753436196,IBM,258.4,1,260.1,1
2025.05.23D08:02:04.772461446,IBM,258.4,1,260,1
2025.05.23D08:02:09.987811090,IBM,255,2,260,1
2025.05.23D08:02:09.999408431,IBM,255,2,263.77,3
2025.05.23D08:02:09.999418404,IBM,255,2,260.2,1
2025.05.23D08:02:11.897719794,IBM,255,2,263.77,3
2025.05.23D08:02:11.897729902,IBM,255,2,260.3,1
2025.05.23D08:02:11.898957812,IBM,255,2,263.77,3
2025.05.23D08:02:11.898967845,IBM,255,2,260.6,1
2025.05.23D08:02:11.898982846,IBM,255,2,263.77,3
2025.05.23D08:02:11.899133170,IBM,255,2,260.7,1
2025.05.23D08:02:11.899148184,IBM,255,2,263.77,3
2025.05.23D08:02:11.899163256,IBM,255,2,261,1
2025.05.23D08:02:11.901047727,IBM,255,2,263.77,3
2025.05.23D08:02:11.901062826,IBM,255,2,261.1,1
2025.05.23D08:02:11.961030256,IBM,258.2,1,261.1,1
2025.05.23D08:02:11.961040307,IBM,258.2,1,260.3,1
2025.05.23D08:02:12.023102808,IBM,258.6,1,260.3,1
2025.05.23D08:02:12.051169509,IBM,258.6,1,260.2,1
2025.05.23D08:02:12.906216613,IBM,258.6,1,263.77,3
2025.05.23D08:02:12.906221550,IBM,258.6,1,260.3,1
2025.05.23D08:02:15.323486320,IBM,258.6,1,260.2,1
2025.05.23D08:02:25.323471637,IBM,258.6,1,263.77,3
2025.05.23D08:02:25.323481728,IBM,258.6,1,260.3,1
2025.05.23D08:02:30.493909534,IBM,258.6,1,260.2,1
2025.05.23D08:02:54.341063148,IBM,258.6,1,263.77,3
2025.05.23D08:02:54.341068083,IBM,258.6,1,260.5,1
2025.05.23D08:02:54.397341905,IBM,258.8,1,260.5,1
2025.05.23D08:02:54.406483634,IBM,258.8,1,260.4,1
2025.05.23D08:02:54.413525343,IBM,255,2,260.4,1
2025.05.23D08:02:54.413535304,IBM,258.6,1,260.4,1
2025.05.23D08:02:54.413685686,IBM,255,2,260.4,1
2025.05.23D08:02:54.413695681,IBM,258.4,1,260.4,1
2025.05.23D08:02:54.464386243,IBM,258.5,1,260.4,1
2025.05.23D08:02:54.464401281,IBM,258.5,1,260.3,1
2025.05.23D08:02:54.475417454,IBM,258.6,1,260.3,1
2025.05.23D08:02:54.564489122,IBM,258.7,1,260.3,1
2025.05.23D08:02:54.915643583,IBM,255,2,260.3,1
2025.05.23D08:02:54.915773918,IBM,255,2,259.85,1
2025.05.23D08:02:54.919743296,IBM,255,2,260.3,1
2025.05.23D08:02:54.971551452,IBM,255,2,260.2,1
2025.05.23D08:02:54.978452888,IBM,255,2,260,1
2025.05.23D08:02:54.986567110,IBM,258,1,260,1
2025.05.23D08:02:54.987038251,IBM,255,2,260,1
2025.05.23D08:02:54.987048274,IBM,257.8,1,260,1
2025.05.23D08:02:54.990175712,IBM,257.8,1,259.77,1
2025.05.23D08:02:54.990240838,IBM,257.8,1,263.77,3
2025.05.23D08:02:54.990516518,IBM,257.8,1,259.77,1
2025.05.23D08:02:54.991839804,IBM,255,2,259.77,1
2025.05.23D08:02:54.994485916,IBM,255,2,263.77,3
2025.05.23D08:02:55.061660601,IBM,257.9,1,263.77,3
2025.05.23D08:02:55.090814925,IBM,257.9,1,260,1
2025.05.23D08:02:55.091456442,IBM,257.9,1,263.77,3
2025.05.23D08:02:55.091471422,IBM,257.9,1,260.1,1
2025.05.23D08:02:55.111699472,IBM,258,1,260.1,1
2025.05.23D08:02:55.112290902,IBM,258,1,263.77,3
2025.05.23D08:02:55.142988897,IBM,258.2,1,263.77,3
2025.05.23D08:02:55.195027569,IBM,258.2,1,260,1
2025.05.23D08:02:56.387907484,IBM,258.2,1,263.77,3
2025.05.23D08:02:56.387917464,IBM,258.2,1,260.2,1
2025.05.23D08:02:56.405789943,IBM,255,2,260.2,1
2025.05.23D08:02:56.405804964,IBM,258.1,1,260.2,1
2025.05.23D08:02:56.474077223,IBM,258.1,1,263.77,3
2025.05.23D08:02:56.474087271,IBM,258.1,1,260.3,1
2025.05.23D08:02:56.526501882,IBM,258.1,1,260.2,1
2025.05.23D08:02:56.554513390,IBM,258.1,1,259.8,1
2025.05.23D08:02:57.016902299,IBM,258.1,1,263.77,3
2025.05.23D08:02:57.016912380,IBM,258.1,1,260,1
2025.05.23D08:02:59.122245820,IBM,258.1,1,259.7,1
2025.05.23D08:02:59.415838495,IBM,255,2,259.7,1
2025.05.23D08:02:59.415848599,IBM,257.6,1,259.7,1
2025.05.23D08:02:59.942906083,IBM,257.9,1,259.7,1
2025.05.23D08:03:00.070298837,IBM,255,2,259.7,1
2025.05.23D08:03:00.070308820,IBM,257.7,1,259.7,1
2025.05.23D08:03:00.083585390,IBM,257.7,1,263.77,3
2025.05.23D08:03:00.083595483,IBM,257.7,1,259.9,1
2025.05.23D08:03:00.099107261,IBM,255,2,259.9,1
2025.05.23D08:03:00.099117322,IBM,257.6,1,259.9,1
2025.05.23D08:03:00.214812294,IBM,257.7,1,259.9,1
2025.05.23D08:03:00.301648682,IBM,257.8,1,259.9,1
2025.05.23D08:03:00.620561642,IBM,257.8,1,259.89,1
2025.05.23D08:03:00.721266196,IBM,257.9,1,259.89,1
2025.05.23D08:03:00.731269698,IBM,258,1,259.89,1
2025.05.23D08:03:01.386496878,IBM,258,1,259.9,1
2025.05.23D08:03:01.438841286,IBM,258,1,259.8,1
2025.05.23D08:03:01.564980972,IBM,258.1,1,259.8,1
2025.05.23D08:03:02.431129498,IBM,258.1,1,263.77,3
2025.05.23D08:03:02.431144488,IBM,258.1,1,260,1
2025.05.23D08:03:03.940100702,IBM,258.1,1,259.9,1
2025.05.23D08:03:04.802064039,IBM,258.1,1,259.8,1
2025.05.23D08:03:04.820738529,IBM,258.1,1,259.5,1
2025.05.23D08:03:05.442982344,IBM,258.1,1,259.4,1
2025.05.23D08:03:11.547770505,IBM,258.1,1,263.77,3
2025.05.23D08:03:11.547785626,IBM,258.1,1,259.6,1
2025.05.23D08:03:11.557187934,IBM,258.1,1,263.77,3
2025.05.23D08:03:11.557197944,IBM,258.1,1,259.9,1
2025.05.23D08:03:11.613366489,IBM,258.1,1,259.8,1
2025.05.23D08:03:12.851303417,IBM,255,2,259.8,1
2025.05.23D08:03:12.851313405,IBM,258,1,259.8,1
2025.05.23D08:03:13.006356963,IBM,258.1,1,259.8,1
2025.05.23D08:03:14.466577132,IBM,258.1,1,259.5,1
2025.05.23D08:03:15.431314926,IBM,258.1,1,259.4,1
2025.05.23D08:03:15.873986916,IBM,255,2,259.4,1
2025.05.23D08:03:15.873996948,IBM,257.6,1,259.4,1
2025.05.23D08:03:15.874212496,IBM,255,2,259.4,1
2025.05.23D08:03:15.874227569,IBM,257.4,1,259.4,1
2025.05.23D08:03:15.881349501,IBM,257.4,1,263.77,3
2025.05.23D08:03:15.881359513,IBM,257.4,1,259.5,1
2025.05.23D08:03:15.912804246,IBM,257.4,1,263.77,3
2025.05.23D08:03:15.912819215,IBM,257.4,1,259.7,1
2025.05.23D08:03:15.926451627,IBM,257.5,1,259.7,1
2025.05.23D08:03:15.955796368,IBM,257.7,1,259.7,1
2025.05.23D08:03:16.012821868,IBM,257.8,1,259.7,1
2025.05.23D08:03:16.036623408,IBM,258,1,259.7,1
2025.05.23D08:03:16.307226572,IBM,258.1,1,259.7,1
2025.05.23D08:03:17.934002657,IBM,258.1,1,263.77,3
2025.05.23D08:03:17.934012668,IBM,258.1,1,259.8,1
2025.05.23D08:03:17.937696366,IBM,258.1,1,263.77,3
2025.05.23D08:03:17.937711441,IBM,258.1,1,260,1
2025.05.23D08:03:17.995503754,IBM,258.1,1,263.77,3
2025.05.23D08:03:17.995513815,IBM,258.1,1,260.2,1
2025.05.23D08:03:18.051486879,IBM,258.1,1,260.1,1
2025.05.23D08:03:18.073228516,IBM,258.1,1,259.8,1
2025.05.23D08:03:19.399264976,IBM,258.1,1,259.6,1
2025.05.23D08:03:19.557335563,IBM,258.1,1,259.5,1
2025.05.23D08:03:19.934572065,IBM,258.1,1,263.77,3
2025.05.23D08:03:19.934587124,IBM,258.1,1,259.6,1
2025.05.23D08:03:19.934607208,IBM,258.1,1,263.77,3
2025.05.23D08:03:19.934652300,IBM,258.1,1,259.8,1
2025.05.23D08:03:19.944721189,IBM,258.2,1,259.8,1
2025.05.23D08:03:19.996629543,IBM,258.2,1,259.6,1
2025.05.23D08:03:20.077827511,IBM,258.2,1,259.5,1
2025.05.23D08:03:21.185590222,IBM,258.2,1,263.77,3
2025.05.23D08:03:21.185605280,IBM,258.2,1,259.8,1
2025.05.23D08:03:21.250880361,IBM,258.2,1,259.6,1
2025.05.23D08:03:21.326936181,IBM,258.2,1,259.5,1
2025.05.23D08:03:21.527146954,IBM,258.2,1,259.4,1
2025.05.23D08:03:22.889549785,IBM,258.2,1,263.77,3
2025.05.23D08:03:22.889554832,IBM,258.2,1,259.6,1
2025.05.23D08:03:22.915150563,IBM,258.2,1,263.77,3
2025.05.23D08:03:22.915165642,IBM,258.2,1,259.8,1
2025.05.23D08:03:23.935976580,IBM,258.2,1,263.77,3
2025.05.23D08:03:23.935986613,IBM,258.2,1,259.9,1
2025.05.23D08:03:23.937274729,IBM,258.2,1,263.77,3
2025.05.23D08:03:23.937289756,IBM,258.2,1,260,1
2025.05.23D08:03:23.937309837,IBM,258.2,1,263.77,3
2025.05.23D08:03:23.937450090,IBM,258.2,1,260.3,1
2025.05.23D08:03:23.995142281,IBM,258.2,1,260,1
2025.05.23D08:03:23.995688519,IBM,258.2,1,263.77,3
2025.05.23D08:03:23.995698503,IBM,258.2,1,260.1,1
2025.05.23D08:03:24.104517114,IBM,258.2,1,260,1
2025.05.23D08:03:24.108912584,IBM,258.2,1,259.6,1
2025.05.23D08:03:24.266682628,IBM,258.2,1,259.5,1
2025.05.23D08:03:24.936875355,IBM,258.2,1,263.77,3
2025.05.23D08:03:24.936885351,IBM,258.2,1,259.6,1
2025.05.23D08:03:24.938128248,IBM,258.2,1,263.77,3
2025.05.23D08:03:24.938138355,IBM,258.2,1,259.9,1
2025.05.23D08:03:25.066312935,IBM,258.2,1,259.8,1
2025.05.23D08:03:25.937498349,IBM,258.2,1,263.77,3
2025.05.23D08:03:25.937508347,IBM,258.2,1,259.9,1
2025.05.23D08:03:26.062530480,IBM,258.2,1,259.8,1
2025.05.23D08:03:26.081214927,IBM,258.2,1,259.6,1
2025.05.23D08:03:30.042779763,IBM,255,2,259.6,1
2025.05.23D08:03:30.042794718,IBM,258,1,259.6,1
2025.05.23D08:03:30.198299265,IBM,258.1,1,259.6,1
2025.05.23D08:03:33.438038602,IBM,258.1,1,259.5,1
2025.05.23D08:03:33.448047403,IBM,258.1,1,259.4,1
2025.05.23D08:03:34.627069528,IBM,258.1,1,263.77,3
2025.05.23D08:03:34.627074453,IBM,258.1,1,259.7,1
2025.05.23D08:03:35.943462940,IBM,258.1,1,263.77,3
2025.05.23D08:03:35.943472931,IBM,258.1,1,260,1
2025.05.23D08:03:36.067678200,IBM,258.1,1,259.9,1
2025.05.23D08:03:36.273898266,IBM,258.1,1,259.7,1
2025.05.23D08:03:38.945201700,IBM,258.1,1,263.77,3
2025.05.23D08:03:38.945211670,IBM,258.1,1,259.8,1
2025.05.23D08:03:38.952950097,IBM,258.1,1,263.77,3
2025.05.23D08:03:38.952965100,IBM,258.1,1,259.9,1
2025.05.23D08:03:38.960648358,IBM,258.1,1,263.77,3
2025.05.23D08:03:38.960658460,IBM,258.1,1,260,1
2025.05.23D08:03:39.005870811,IBM,258.1,1,263.77,3
2025.05.23D08:03:39.005885914,IBM,258.1,1,260.2,1
2025.05.23D08:03:39.007715199,IBM,258.1,1,263.77,3
2025.05.23D08:03:39.007730251,IBM,258.1,1,262.4,1
2025.05.23D08:03:39.012110686,IBM,258.1,1,263.77,3
2025.05.23D08:03:39.076553788,IBM,258.1,1,260.1,1
2025.05.23D08:03:39.493705124,IBM,258.2,1,260.1,1
2025.05.23D08:03:40.944673462,IBM,258.2,1,263.77,3
2025.05.23D08:03:40.944688484,IBM,258.2,1,260.4,1
2025.05.23D08:03:40.954652334,IBM,258.2,1,263.77,3
2025.05.23D08:03:40.954667287,IBM,258.2,1,260.5,1
2025.05.23D08:03:40.954687309,IBM,258.2,1,263.77,3
2025.05.23D08:03:40.956055534,IBM,258.2,1,260.6,1
2025.05.23D08:03:40.959473701,IBM,255,2,260.6,1
2025.05.23D08:03:40.959488684,IBM,258.1,1,260.6,1
2025.05.23D08:03:41.014674832,IBM,258.2,1,260.6,1
2025.05.23D08:03:41.014684824,IBM,258.2,1,260.3,1
2025.05.23D08:03:41.027645662,IBM,258.2,1,263.77,3
2025.05.23D08:03:41.027655802,IBM,258.2,1,260.5,1
2025.05.23D08:03:41.092765437,IBM,258.3,1,260.5,1
2025.05.23D08:03:41.721108901,IBM,258.3,1,260.4,1
2025.05.23D08:03:44.508768688,IBM,258.4,1,260.4,1
2025.05.23D08:03:44.508783797,IBM,258.4,1,260.2,1
2025.05.23D08:03:45.044737616,IBM,255,2,260.2,1
2025.05.23D08:03:45.044747565,IBM,258.3,1,260.2,1
2025.05.23D08:03:45.115901770,IBM,255,2,260.2,1
2025.05.23D08:03:45.115911882,IBM,258.2,1,260.2,1
2025.05.23D08:03:50.087597036,IBM,258.2,1,263.77,3
2025.05.23D08:03:50.087612060,IBM,258.2,1,260.3,1
2025.05.23D08:03:50.088489163,IBM,255,2,260.3,1
2025.05.23D08:03:50.088504178,IBM,258,1,260.3,1
2025.05.23D08:03:50.091862254,IBM,258,1,263.77,3
2025.05.23D08:03:50.091877213,IBM,258,1,260.5,1
2025.05.23D08:03:50.149173436,IBM,258,1,260.2,1
2025.05.23D08:03:50.158746104,IBM,258.2,1,260.2,1
2025.05.23D08:03:59.392971586,IBM,258.2,1,263.77,3
2025.05.23D08:03:59.392981690,IBM,258.2,1,260.4,1
2025.05.23D08:03:59.443421471,IBM,258.2,1,260.3,1
2025.05.23D08:03:59.461925455,IBM,258.2,1,260,1
2025.05.23D08:03:59.464852418,IBM,255,2,260,1
2025.05.23D08:03:59.464862494,IBM,258,1,260,1
2025.05.23D08:03:59.464882546,IBM,255,2,260,1
2025.05.23D08:03:59.464967776,IBM,257.8,1,260,1
2025.05.23D08:03:59.466060369,IBM,257.8,1,263.77,3
2025.05.23D08:03:59.466075406,IBM,257.8,1,260.2,1
2025.05.23D08:03:59.523536944,IBM,257.9,1,260.2,1
2025.05.23D08:03:59.523546971,IBM,257.9,1,260.1,1
2025.05.23D08:03:59.525526591,IBM,258.1,1,260.1,1
2025.05.23D08:03:59.536653137,IBM,255,2,260.1,1
2025.05.23D08:03:59.536673120,IBM,258,1,260.1,1
2025.05.23D08:03:59.573961726,IBM,258,1,260,1
2025.05.23D08:03:59.646659480,IBM,258,1,259.9,1
2025.05.23D08:03:59.656653322,IBM,258,1,259.8,1
2025.05.23D08:04:00.887959633,IBM,258,1,263.77,3
2025.05.23D08:04:00.887969878,IBM,258,1,259.9,1
2025.05.23D08:04:01.085423913,IBM,258,1,259.8,1
2025.05.23D08:04:01.095437725,IBM,258,1,259.7,1
2025.05.23D08:04:02.957563002,IBM,258,1,263.77,3
2025.05.23D08:04:02.957578093,IBM,258,1,259.9,1
2025.05.23D08:04:03.086604770,IBM,258,1,259.8,1
2025.05.23D08:04:03.132654126,IBM,258,1,259.7,1
2025.05.23D08:04:03.453922649,IBM,255,2,259.7,1
2025.05.23D08:04:03.453937767,IBM,257.6,1,259.7,1
2025.05.23D08:04:03.678015267,IBM,257.9,1,259.7,1
2025.05.23D08:04:03.800115368,IBM,258.1,1,259.7,1
2025.05.23D08:04:04.955962305,IBM,258.1,1,263.77,3
2025.05.23D08:04:04.955977384,IBM,258.1,1,260,1
2025.05.23D08:04:05.012817426,IBM,258.1,1,259.9,1
2025.05.23D08:04:05.039846694,IBM,258.1,1,259.5,1
2025.05.23D08:04:05.113261201,IBM,258.1,1,259.4,1
2025.05.23D08:04:06.958245852,IBM,258.1,1,263.77,3
2025.05.23D08:04:06.958255781,IBM,258.1,1,259.6,1
2025.05.23D08:04:06.966595600,IBM,258.1,1,263.77,3
2025.05.23D08:04:06.966605759,IBM,258.1,1,259.7,1
2025.05.23D08:04:07.083122546,IBM,258.1,1,259.6,1
2025.05.23D08:04:07.111129097,IBM,258.1,1,259.4,1
2025.05.23D08:04:08.959126048,IBM,258.1,1,263.77,3
2025.05.23D08:04:08.959136012,IBM,258.1,1,259.7,1
2025.05.23D08:04:08.959341524,IBM,258.1,1,263.77,3
2025.05.23D08:04:08.959351575,IBM,258.1,1,259.9,1
2025.05.23D08:04:09.013334827,IBM,258.1,1,259.8,1
2025.05.23D08:04:09.032350089,IBM,258.1,1,259.5,1
2025.05.23D08:04:09.100441893,IBM,258.1,1,259.4,1
2025.05.23D08:04:10.960226685,IBM,258.1,1,263.77,3
2025.05.23D08:04:10.960236755,IBM,258.1,1,259.6,1
2025.05.23D08:04:10.960261875,IBM,258.1,1,263.77,3
2025.05.23D08:04:10.960301913,IBM,258.1,1,259.8,1
2025.05.23D08:04:11.016560666,IBM,258.1,1,259.7,1
2025.05.23D08:04:11.026559373,IBM,258.1,1,259.5,1
2025.05.23D08:04:11.102600055,IBM,258.1,1,259.4,1
2025.05.23D08:04:13.606260086,IBM,255,2,259.4,1
2025.05.23D08:04:13.606270128,IBM,257.5,1,259.4,1
2025.05.23D08:04:13.659767251,IBM,257.6,1,259.4,1
2025.05.23D08:04:13.666117317,IBM,257.9,1,259.4,1
2025.05.23D08:04:13.711911212,IBM,255,2,259.4,1
2025.05.23D08:04:13.711921241,IBM,257.7,1,259.4,1
2025.05.23D08:04:13.851588102,IBM,257.8,1,259.4,1
2025.05.23D08:04:13.979742756,IBM,257.9,1,259.4,1
2025.05.23D08:04:13.989741442,IBM,258,1,259.4,1
2025.05.23D08:04:14.481710704,IBM,258.1,1,259.4,1
2025.05.23D08:04:15.104445584,IBM,258.1,1,259.3,1
2025.05.23D08:04:24.423868510,IBM,255,2,259.3,1
2025.05.23D08:04:24.423878534,IBM,257.9,1,259.3,1
2025.05.23D08:04:24.479104780,IBM,258,1,259.3,1
2025.05.23D08:04:24.579167701,IBM,258.1,1,259.3,1
2025.05.23D08:04:32.794261195,IBM,258.1,1,263.77,3
2025.05.23D08:04:32.794271244,IBM,258.1,1,259.4,1
2025.05.23D08:04:32.799513661,IBM,255,2,259.4,1
2025.05.23D08:04:32.799523711,IBM,257.9,1,259.4,1
2025.05.23D08:04:32.799568749,IBM,255,2,259.4,1
2025.05.23D08:04:32.799608847,IBM,257.5,1,259.4,1
2025.05.23D08:04:32.802300319,IBM,257.5,1,263.77,3
2025.05.23D08:04:32.802310281,IBM,257.5,1,259.5,1
2025.05.23D08:04:32.851457173,IBM,257.6,1,259.5,1
2025.05.23D08:04:32.862012221,IBM,257.6,1,259.4,1
2025.05.23D08:04:32.903876738,IBM,257.7,1,259.4,1
2025.05.23D08:04:33.020684316,IBM,257.9,1,259.4,1
2025.05.23D08:04:33.706885142,IBM,258,1,259.4,1
2025.05.23D08:04:33.756974167,IBM,258.1,1,259.4,1
2025.05.23D08:04:33.797144627,IBM,258.1,1,263.77,3
2025.05.23D08:04:33.797154659,IBM,258.1,1,259.6,1
2025.05.23D08:04:35.223334013,IBM,258.1,1,263.77,3
2025.05.23D08:04:35.223343948,IBM,258.1,1,260,1
2025.05.23D08:04:35.350771878,IBM,258.1,1,259.9,1
2025.05.23D08:04:35.385790025,IBM,258.1,1,259.6,1
2025.05.23D08:04:35.594982184,IBM,258.1,1,259.5,1
2025.05.23D08:04:35.710030643,IBM,258.1,1,259.3,1
2025.05.23D08:04:35.862106948,IBM,258.1,1,259.2,1
2025.05.23D08:04:35.872120768,IBM,258.1,1,259.1,1
2025.05.23D08:04:36.223245280,IBM,258.1,1,263.77,3
2025.05.23D08:04:36.223255333,IBM,258.1,1,259.3,1
2025.05.23D08:04:36.223901890,IBM,258.1,1,263.77,3
2025.05.23D08:04:36.223911872,IBM,258.1,1,259.4,1
2025.05.23D08:04:36.224062194,IBM,258.1,1,263.77,3
2025.05.23D08:04:36.224072291,IBM,258.1,1,259.5,1
2025.05.23D08:04:36.231950996,IBM,258.1,1,263.77,3
2025.05.23D08:04:36.231961022,IBM,258.1,1,259.8,1
2025.05.23D08:04:36.285147490,IBM,258.1,1,259.7,1
2025.05.23D08:04:36.295802768,IBM,258.1,1,259.6,1
2025.05.23D08:04:36.311916060,IBM,258.1,1,263.77,3
2025.05.23D08:04:36.311926040,IBM,258.1,1,259.7,1
2025.05.23D08:04:38.363095746,IBM,258.1,1,259.6,1
2025.05.23D08:04:38.668030464,IBM,255,2,259.6,1
2025.05.23D08:04:38.668045508,IBM,257.9,1,259.6,1
2025.05.23D08:04:38.726374140,IBM,258,1,259.6,1
2025.05.23D08:04:38.739630606,IBM,255,2,259.6,1
2025.05.23D08:04:38.739640703,IBM,257.6,1,259.6,1
2025.05.23D08:04:39.282485814,IBM,257.9,1,259.6,1
2025.05.23D08:04:39.293722469,IBM,257.9,1,263.77,3
2025.05.23D08:04:39.293732454,IBM,257.9,1,260,1
2025.05.23D08:04:39.310221655,IBM,255,2,260,1
2025.05.23D08:04:39.310231744,IBM,257.6,1,260,1
2025.05.23D08:04:39.351810449,IBM,257.6,1,259.9,1
2025.05.23D08:04:39.362977088,IBM,257.6,1,259.7,1
2025.05.23D08:04:41.464120454,IBM,257.6,1,259.4,1
2025.05.23D08:04:41.589202743,IBM,258.1,1,259.4,1
2025.05.23D08:04:41.617369721,IBM,258.1,1,259.3,1
2025.05.23D08:04:42.225885846,IBM,258.1,1,263.77,3
2025.05.23D08:04:42.225900853,IBM,258.1,1,259.5,1
2025.05.23D08:04:42.226482259,IBM,258.1,1,263.77,3
2025.05.23D08:04:42.226492260,IBM,258.1,1,259.7,1
2025.05.23D08:04:42.295796982,IBM,258.1,1,259.5,1
2025.05.23D08:04:42.350106117,IBM,258.1,1,259.4,1
2025.05.23D08:04:42.975702728,IBM,258.1,1,263.77,3
2025.05.23D08:04:42.975712760,IBM,258.1,1,259.5,1
2025.05.23D08:04:42.976454582,IBM,258.1,1,263.77,3
2025.05.23D08:04:42.976469613,IBM,258.1,1,259.7,1
2025.05.23D08:04:43.039835217,IBM,258.1,1,259.5,1
2025.05.23D08:04:43.117900683,IBM,258.1,1,259.3,1
2025.05.23D08:04:43.697788848,IBM,255,2,259.3,1
2025.05.23D08:04:43.697793841,IBM,257.9,1,259.3,1
2025.05.23D08:04:43.769368977,IBM,255,2,259.3,1
2025.05.23D08:04:43.769378944,IBM,257.5,1,259.3,1
2025.05.23D08:04:44.548470488,IBM,257.6,1,259.3,1
2025.05.23D08:04:44.567240133,IBM,257.8,1,259.3,1
2025.05.23D08:04:45.050814346,IBM,257.9,1,259.3,1
2025.05.23D08:04:45.060863237,IBM,258,1,259.3,1
2025.05.23D08:04:46.227656305,IBM,258,1,263.77,3
2025.05.23D08:04:46.227661324,IBM,258,1,259.5,1
2025.05.23D08:04:46.227691402,IBM,258,1,263.77,3
2025.05.23D08:04:46.227731479,IBM,258,1,259.7,1
2025.05.23D08:04:46.228282765,IBM,258,1,263.77,3
2025.05.23D08:04:46.228292802,IBM,258,1,259.8,1
2025.05.23D08:04:46.268919320,IBM,258,1,263.77,3
2025.05.23D08:04:46.268934389,IBM,258,1,259.9,1
2025.05.23D08:04:46.279098537,IBM,258.1,1,259.9,1
2025.05.23D08:04:46.350538347,IBM,258.1,1,259.8,1
2025.05.23D08:04:46.362712290,IBM,258.1,1,259.6,1
2025.05.23D08:04:51.399041351,IBM,258.1,1,259.3,1
2025.05.23D08:04:51.554099694,IBM,258.1,1,259.2,1
2025.05.23D08:04:54.545709476,IBM,255,2,259.2,1
2025.05.23D08:04:54.545724408,IBM,257.6,1,259.2,1
2025.05.23D08:04:54.545919895,IBM,255,2,259.2,1
2025.05.23D08:04:54.545935011,IBM,257.4,1,259.2,1
2025.05.23D08:04:54.548004933,IBM,257.4,1,263.77,3
2025.05.23D08:04:54.548014910,IBM,257.4,1,259.3,1
2025.05.23D08:04:54.596520177,IBM,257.5,1,259.3,1
2025.05.23D08:04:54.605411350,IBM,257.5,1,259.2,1
2025.05.23D08:04:54.627548921,IBM,257.7,1,259.2,1
2025.05.23D08:04:56.389872176,IBM,257.7,1,263.77,3
2025.05.23D08:04:56.389882206,IBM,257.7,1,259.3,1
2025.05.23D08:04:56.399705600,IBM,257.7,1,263.77,3
2025.05.23D08:04:56.399715581,IBM,257.7,1,259.6,1
2025.05.23D08:04:56.439770760,IBM,257.8,1,259.6,1
2025.05.23D08:04:56.449438751,IBM,257.9,1,259.6,1
2025.05.23D08:04:56.946199392,IBM,258,1,259.6,1
2025.05.23D08:04:57.001240129,IBM,258,1,259.5,1
2025.05.23D08:04:57.207375662,IBM,258.1,1,259.5,1
2025.05.23D08:04:58.233258097,IBM,258.1,1,263.77,3
2025.05.23D08:04:58.233268068,IBM,258.1,1,259.6,1
2025.05.23D08:04:58.233383331,IBM,258.1,1,263.77,3
2025.05.23D08:04:58.233393462,IBM,258.1,1,259.7,1
2025.05.23D08:04:58.256914310,IBM,258.1,1,263.77,3
2025.05.23D08:04:58.256924477,IBM,258.1,1,260,1
2025.05.23D08:04:58.358350711,IBM,258.1,1,259.9,1
2025.05.23D08:04:58.368364130,IBM,258.1,1,259.7,1
2025.05.23D08:04:58.577531242,IBM,258.1,1,259.6,1
2025.05.23D08:04:59.233439997,IBM,258.1,1,263.77,3
2025.05.23D08:04:59.233450020,IBM,258.1,1,259.8,1
2025.05.23D08:04:59.357835675,IBM,258.1,1,259.7,1
2025.05.23D08:04:59.376169176,IBM,258.1,1,259.5,1
2025.05.23D08:05:01.768920695,IBM,258.1,1,259.2,1
2025.05.23D08:05:01.888314491,IBM,256.04,1,259.2,1
2025.05.23D08:05:01.888324514,IBM,258,1,259.2,1
2025.05.23D08:05:01.946096742,IBM,255,2,259.2,1
2025.05.23D08:05:01.946106849,IBM,257.9,1,259.2,1
2025.05.23D08:05:01.946131890,IBM,255,2,259.2,1
2025.05.23D08:05:01.946252173,IBM,257.5,1,259.2,1
2025.05.23D08:05:02.000125238,IBM,257.6,1,259.2,1
2025.05.23D08:05:02.000135182,IBM,257.6,1,260,1
2025.05.23D08:05:02.000145218,IBM,257.6,1,259.5,1
2025.05.23D08:05:02.017205803,IBM,257.7,1,259.5,1
2025.05.23D08:05:02.085392850,IBM,257.8,1,259.5,1
2025.05.23D08:05:02.116456685,IBM,258,1,259.5,1
2025.05.23D08:05:02.205568401,IBM,258.1,1,259.5,1
2025.05.23D08:05:02.580484395,IBM,258.1,1,259.49,1
2025.05.23D08:05:04.235522730,IBM,258.1,1,259.5,1
2025.05.23D08:05:06.236613355,IBM,258.1,1,259.2,1
2025.05.23D08:05:09.702946221,IBM,256.04,1,259.2,1
2025.05.23D08:05:09.702956251,IBM,257.9,1,259.2,1
2025.05.23D08:05:09.715571199,IBM,257.9,1,261.56,1
2025.05.23D08:05:09.715581286,IBM,257.9,1,259.3,1
2025.05.23D08:05:09.721184555,IBM,257.9,1,263.77,3
2025.05.23D08:05:09.721194626,IBM,257.9,1,259.5,1
2025.05.23D08:05:09.763605409,IBM,258,1,259.5,1
2025.05.23D08:05:10.260426083,IBM,258.1,1,259.5,1
2025.05.23D08:05:10.761867740,IBM,258.1,1,259.3,1
2025.05.23D08:05:12.245949788,IBM,258.1,1,261.56,1
2025.05.23D08:05:12.245959717,IBM,258.1,1,259.4,1
2025.05.23D08:05:12.266112633,IBM,258.1,1,263.77,3
2025.05.23D08:05:12.266127752,IBM,258.1,1,259.7,1
2025.05.23D08:05:18.082610709,IBM,258.1,1,259.4,1
2025.05.23D08:05:20.204618827,IBM,255.94,1,259.4,1
2025.05.23D08:05:20.204628708,IBM,257.9,1,259.4,1
2025.05.23D08:05:21.479032502,IBM,255.84,1,259.4,1
2025.05.23D08:05:21.479037444,IBM,257.7,1,259.4,1
2025.05.23D08:05:21.485958915,IBM,255,2,259.4,1
2025.05.23D08:05:21.485968957,IBM,257.5,1,259.4,1
2025.05.23D08:05:21.538849654,IBM,257.7,1,259.4,1
2025.05.23D08:05:21.572895499,IBM,257.7,1,259.3,1
2025.05.23D08:05:23.248763317,IBM,257.7,1,261.76,1
2025.05.23D08:05:23.248773401,IBM,257.7,1,259.5,1
2025.05.23D08:05:23.255985454,IBM,255.64,1,259.5,1
2025.05.23D08:05:23.256000515,IBM,257.6,1,259.5,1
2025.05.23D08:05:23.266796088,IBM,257.6,1,263.77,3
2025.05.23D08:05:23.266806140,IBM,257.6,1,259.7,1
2025.05.23D08:05:23.267372546,IBM,255,2,259.7,1
2025.05.23D08:05:23.267387531,IBM,257.5,1,259.7,1
2025.05.23D08:05:23.342561146,IBM,257.5,1,259.69,1
2025.05.23D08:05:23.391938534,IBM,257.6,1,259.69,1
2025.05.23D08:05:23.391953556,IBM,257.6,1,259.6,1
2025.05.23D08:05:23.517085973,IBM,257.7,1,259.6,1
2025.05.23D08:05:23.611119433,IBM,257.8,1,259.6,1
2025.05.23D08:05:24.019279395,IBM,257.9,1,259.6,1
2025.05.23D08:05:24.031277941,IBM,258,1,259.6,1
2025.05.23D08:05:25.246145155,IBM,258,1,261.75,1
2025.05.23D08:05:25.246155141,IBM,258,1,259.8,1
2025.05.23D08:05:25.305746808,IBM,258,1,261.75,1
2025.05.23D08:05:25.305756755,IBM,258,1,259.9,1
2025.05.23D08:05:25.305791923,IBM,258,1,261.75,1
2025.05.23D08:05:25.305837039,IBM,258,1,260.1,1
2025.05.23D08:05:25.370671054,IBM,258,1,260,1
2025.05.23D08:05:25.389054780,IBM,258,1,259.6,1
2025.05.23D08:05:25.767213464,IBM,258,1,259.5,1
2025.05.23D08:05:25.920317278,IBM,258,1,259.4,1
2025.05.23D08:05:27.230475947,IBM,258,1,259.3,1
2025.05.23D08:05:36.391056520,IBM,258,1,261.66,1
2025.05.23D08:05:36.391066509,IBM,258,1,259.5,1
2025.05.23D08:05:36.456607275,IBM,258,1,259.4,1
2025.05.23D08:05:40.942513359,IBM,258,1,259.3,1
2025.05.23D08:05:44.484455916,IBM,255.94,1,259.3,1
2025.05.23D08:05:44.484465895,IBM,257.8,1,259.3,1
2025.05.23D08:05:44.485117482,IBM,255,2,259.3,1
2025.05.23D08:05:44.485127505,IBM,257.7,1,259.3,1
2025.05.23D08:05:44.494504808,IBM,257.7,1,261.46,1
2025.05.23D08:05:44.494519856,IBM,257.7,1,259.5,1
2025.05.23D08:05:44.498494310,IBM,257.7,1,263.77,3
2025.05.23D08:05:44.498504330,IBM,257.7,1,259.6,1
2025.05.23D08:05:44.510417628,IBM,257.7,1,263.77,3
2025.05.23D08:05:44.510427651,IBM,257.7,1,259.7,1
2025.05.23D08:05:44.663561567,IBM,257.7,1,259.69,1
2025.05.23D08:05:45.043203792,IBM,257.8,1,259.69,1
2025.05.23D08:05:45.543202072,IBM,257.9,1,259.69,1
2025.05.23D08:05:45.543207077,IBM,257.9,1,259.4,1
2025.05.23D08:05:45.547337038,IBM,258,1,259.4,1
2025.05.23D08:05:46.044779137,IBM,258.1,1,259.4,1
2025.05.23D08:05:46.212151865,IBM,258.1,1,261.76,1
2025.05.23D08:05:46.212166870,IBM,258.1,1,259.5,1
2025.05.23D08:05:46.229347754,IBM,258.1,1,263.77,3
2025.05.23D08:05:46.229357779,IBM,258.1,1,259.7,1
2025.05.23D08:05:46.310415423,IBM,258.1,1,259.69,1
2025.05.23D08:05:46.386501171,IBM,258.1,1,259.7,1
2025.05.23D08:05:47.213065605,IBM,258.1,1,261.75,1
2025.05.23D08:05:47.213075586,IBM,258.1,1,259.8,1
2025.05.23D08:05:47.213220907,IBM,258.1,1,261.75,1
2025.05.23D08:05:47.213230959,IBM,258.1,1,260,1
2025.05.23D08:05:47.263640786,IBM,258.2,1,260,1
2025.05.23D08:05:47.294453955,IBM,258.2,1,263.77,3
2025.05.23D08:05:47.294469000,IBM,258.2,1,260.2,1
2025.05.23D08:05:47.352682392,IBM,258.2,1,260.1,1
2025.05.23D08:05:47.375702092,IBM,258.2,1,259.9,1
2025.05.23D08:05:47.581776854,IBM,258.2,1,259.8,1
2025.05.23D08:05:48.213608458,IBM,258.2,1,262.26,1
2025.05.23D08:05:48.213613435,IBM,258.2,1,260,1
2025.05.23D08:05:48.368381274,IBM,258.2,1,259.9,1
2025.05.23D08:05:49.221478623,IBM,258.2,1,262.26,1
2025.05.23D08:05:49.221488650,IBM,258.2,1,260.3,1
2025.05.23D08:05:49.221608932,IBM,258.2,1,262.26,1
2025.05.23D08:05:49.221619018,IBM,258.2,1,260.5,1
2025.05.23D08:05:49.289605531,IBM,258.2,1,260.3,1
2025.05.23D08:05:49.338932806,IBM,258.2,1,263.77,3
2025.05.23D08:05:49.338972837,IBM,258.2,1,260.3,1
2025.05.23D08:05:49.358579481,IBM,258.2,1,260.2,1
2025.05.23D08:05:49.380691980,IBM,258.2,1,260,1
2025.05.23D08:05:49.419699682,IBM,258.3,1,260,1
2025.05.23D08:05:49.755162004,IBM,256.14,1,260,1
2025.05.23D08:05:49.755166905,IBM,258.2,1,260,1
2025.05.23D08:05:50.213771855,IBM,258.2,1,262.06,1
2025.05.23D08:05:50.213776922,IBM,258.2,1,260.2,1
2025.05.23D08:05:50.213957221,IBM,258.2,1,262.06,1
2025.05.23D08:05:50.213972305,IBM,258.2,1,260.4,1
2025.05.23D08:05:50.226311610,IBM,258.2,1,263.77,3
2025.05.23D08:05:50.226321602,IBM,258.2,1,260.5,1
2025.05.23D08:05:50.271654387,IBM,258.3,1,260.5,1
2025.05.23D08:05:50.282841034,IBM,258.3,1,260.4,1
2025.05.23D08:05:50.292704440,IBM,256.14,1,260.4,1
2025.05.23D08:05:50.292714482,IBM,258.2,1,260.4,1
2025.05.23D08:05:50.377220266,IBM,255,2,260.4,1
2025.05.23D08:05:50.377235359,IBM,257.9,1,260.4,1
2025.05.23D08:05:50.406364486,IBM,257.9,1,260.3,1
2025.05.23D08:05:50.452930784,IBM,257.9,1,260,1
2025.05.23D08:05:50.463971422,IBM,257.9,1,262.46,1
2025.05.23D08:05:50.463986534,IBM,257.9,1,260.1,1
2025.05.23D08:05:50.464011486,IBM,257.9,1,262.46,1
2025.05.23D08:05:50.464557840,IBM,257.9,1,263.77,3
2025.05.23D08:05:50.465134203,IBM,257.9,1,260.4,1
2025.05.23D08:05:50.532850167,IBM,258.1,1,260.4,1
2025.05.23D08:05:50.589569981,IBM,258.2,1,260.4,1
2025.05.23D08:05:50.635589357,IBM,255.84,1,260.4,1
2025.05.23D08:05:50.635599306,IBM,258.1,1,260.4,1
2025.05.23D08:05:50.675970295,IBM,258.1,1,260.3,1
2025.05.23D08:05:50.706111866,IBM,258.1,1,260.1,1
2025.05.23D08:05:50.706738361,IBM,255,2,260.1,1
2025.05.23D08:05:50.706748388,IBM,257.9,1,260.1,1
2025.05.23D08:05:52.215238406,IBM,257.9,1,262.16,1
2025.05.23D08:05:52.215253473,IBM,257.9,1,260.3,1
2025.05.23D08:05:52.215273529,IBM,257.9,1,262.16,1
2025.05.23D08:05:52.215428864,IBM,257.9,1,260.5,1
2025.05.23D08:05:52.224846240,IBM,257.9,1,263.77,3
2025.05.23D08:05:52.224856306,IBM,257.9,1,260.6,1
2025.05.23D08:05:52.276017840,IBM,257.9,1,260.5,1
2025.05.23D08:05:52.286547903,IBM,257.9,1,263.77,3
2025.05.23D08:05:52.286557898,IBM,257.9,1,260.6,1
2025.05.23D08:05:54.214960805,IBM,257.9,1,262.66,1
2025.05.23D08:05:54.214970897,IBM,257.9,1,260.7,1
2025.05.23D08:05:54.342468913,IBM,257.9,1,260.6,1
2025.05.23D08:05:54.370340092,IBM,258.2,1,260.6,1
2025.05.23D08:05:54.370355059,IBM,258.2,1,260.3,1
2025.05.23D08:05:57.385350368,IBM,258.2,1,260.2,1
2025.05.23D08:05:57.647383116,IBM,255.84,1,260.2,1
2025.05.23D08:05:57.647393151,IBM,258,1,260.2,1
2025.05.23D08:05:59.590611240,IBM,255.94,1,260.2,1
2025.05.23D08:05:59.590621332,IBM,257.9,1,260.2,1
2025.05.23D08:05:59.715317677,IBM,258.1,1,260.2,1
2025.05.23D08:06:01.443484892,IBM,258.3,1,260.2,1
2025.05.23D08:06:01.663036580,IBM,256.04,1,260.2,1
2025.05.23D08:06:01.663046682,IBM,258.1,1,260.2,1
2025.05.23D08:06:01.717952111,IBM,258.2,1,260.2,1
2025.05.23D08:06:01.717962166,IBM,258.2,1,262.26,1
2025.05.23D08:06:01.717972220,IBM,258.2,1,260.3,1
2025.05.23D08:06:01.842548163,IBM,258.2,1,260.2,1
2025.05.23D08:06:01.861232594,IBM,258.2,1,260.1,1
2025.05.23D08:06:01.889249142,IBM,258.3,1,260.1,1
2025.05.23D08:06:04.218720291,IBM,258.3,1,262.36,1
2025.05.23D08:06:04.218730315,IBM,258.3,1,260.2,1
2025.05.23D08:06:04.350909432,IBM,258.3,1,260.1,1
2025.05.23D08:06:04.369914674,IBM,258.3,1,259.9,1
2025.05.23D08:06:07.219977765,IBM,258.3,1,262.26,1
2025.05.23D08:06:07.219987738,IBM,258.3,1,260,1
2025.05.23D08:06:07.368390415,IBM,258.3,1,259.8,1
2025.05.23D08:06:11.527960875,IBM,256.14,1,259.8,1
2025.05.23D08:06:11.527970910,IBM,258.1,1,259.8,1
2025.05.23D08:06:11.528146317,IBM,258.1,1,262.06,1
2025.05.23D08:06:11.528161295,IBM,258.1,1,259.9,1
2025.05.23D08:06:11.529309069,IBM,258.1,1,263.77,3
2025.05.23D08:06:11.529324109,IBM,258.1,1,260,1
2025.05.23D08:06:13.617000626,IBM,256.04,1,260,1
2025.05.23D08:06:13.617010684,IBM,258,1,260,1
2025.05.23D08:06:13.676136176,IBM,258.1,1,260,1
2025.05.23D08:06:14.223907974,IBM,258.1,1,262.06,1
2025.05.23D08:06:14.223917991,IBM,258.1,1,260.2,1
2025.05.23D08:06:14.235445374,IBM,258.1,1,263.77,3
2025.05.23D08:06:14.235455400,IBM,258.1,1,260.4,1
2025.05.23D08:06:14.254194955,IBM,258.1,1,263.77,3
2025.05.23D08:06:14.254210016,IBM,258.1,1,260.5,1
2025.05.23D08:06:14.285579513,IBM,258.2,1,260.5,1
2025.05.23D08:06:14.357565636,IBM,258.2,1,260.4,1
2025.05.23D08:06:14.393901963,IBM,258.2,1,260,1
2025.05.23D08:06:16.568249318,IBM,258.3,1,260,1
2025.05.23D08:06:17.225035110,IBM,258.3,1,262.46,1
2025.05.23D08:06:17.225050208,IBM,258.3,1,260.2,1
2025.05.23D08:06:17.225070200,IBM,258.3,1,262.46,1
2025.05.23D08:06:17.225115386,IBM,258.3,1,260.3,1
2025.05.23D08:06:17.230949196,IBM,258.3,1,263.77,3
2025.05.23D08:06:17.230964284,IBM,258.3,1,260.4,1
2025.05.23D08:06:17.290996934,IBM,258.3,1,260.3,1
2025.05.23D08:06:17.292259871,IBM,258.3,1,263.77,3
2025.05.23D08:06:17.292274974,IBM,258.3,1,260.4,1
2025.05.23D08:06:17.348643955,IBM,258.3,1,260.3,1
2025.05.23D08:06:17.368831882,IBM,258.3,1,260.1,1
2025.05.23D08:06:19.225704902,IBM,258.3,1,262.36,1
2025.05.23D08:06:19.225714876,IBM,258.3,1,260.3,1
2025.05.23D08:06:19.225870269,IBM,258.3,1,262.36,1
2025.05.23D08:06:19.225880362,IBM,258.3,1,260.4,1
2025.05.23D08:06:19.239387453,IBM,256.04,1,260.4,1
2025.05.23D08:06:19.239397465,IBM,258.1,1,260.4,1
2025.05.23D08:06:19.312100275,IBM,255,2,260.4,1
2025.05.23D08:06:19.312110451,IBM,257.9,1,260.4,1
2025.05.23D08:06:19.334593665,IBM,255,2,260.4,1
2025.05.23D08:06:19.334603674,IBM,257.6,1,260.4,1
2025.05.23D08:06:19.368379000,IBM,257.6,1,260.3,1
2025.05.23D08:06:19.386647378,IBM,257.6,1,260.1,1
2025.05.23D08:06:19.457480728,IBM,257.7,1,260.1,1
2025.05.23D08:06:19.960852104,IBM,257.8,1,260.1,1
2025.05.23D08:06:20.463230934,IBM,257.9,1,260.1,1
2025.05.23D08:06:20.690315596,IBM,258,1,260.1,1
2025.05.23D08:06:20.736360015,IBM,258,1,260,1
2025.05.23D08:06:20.906664744,IBM,258,1,262.46,1
2025.05.23D08:06:20.906674836,IBM,258,1,260.1,1
2025.05.23D08:06:20.962442284,IBM,258.1,1,260.1,1
2025.05.23D08:06:21.226840676,IBM,258.1,1,262.16,1
2025.05.23D08:06:21.226850682,IBM,258.1,1,260.2,1
2025.05.23D08:06:21.226970981,IBM,258.1,1,262.16,1
2025.05.23D08:06:21.226985970,IBM,258.1,1,260.3,1
2025.05.23D08:06:21.312589414,IBM,258.2,1,260.3,1
2025.05.23D08:06:21.386023996,IBM,258.2,1,260.2,1
2025.05.23D08:06:21.906866751,IBM,256.04,1,260.2,1
2025.05.23D08:06:21.906871796,IBM,258.1,1,260.2,1
2025.05.23D08:06:22.227453651,IBM,258.1,1,262.26,1
2025.05.23D08:06:22.227458641,IBM,258.1,1,260.4,1
2025.05.23D08:06:22.228330745,IBM,258.1,1,262.26,1
2025.05.23D08:06:22.228345826,IBM,258.1,1,260.5,1
2025.05.23D08:06:22.231984475,IBM,256.04,1,260.5,1
2025.05.23D08:06:22.231999416,IBM,258,1,260.5,1
2025.05.23D08:06:22.288132810,IBM,258.1,1,260.5,1
2025.05.23D08:06:22.288142914,IBM,258.1,1,260.3,1
2025.05.23D08:06:22.359281910,IBM,256.04,1,260.3,1
2025.05.23D08:06:22.359291989,IBM,258,1,260.3,1
2025.05.23D08:06:22.378858446,IBM,258,1,260.2,1
2025.05.23D08:06:23.376489386,IBM,258,1,260.1,1
2025.05.23D08:06:23.601789783,IBM,258.1,1,260.1,1
2025.05.23D08:06:24.232167982,IBM,258.1,1,262.36,1
2025.05.23D08:06:24.232177998,IBM,258.1,1,260.2,1
2025.05.23D08:06:24.303482439,IBM,258.1,1,263.77,3
2025.05.23D08:06:24.303492422,IBM,258.1,1,260.4,1
2025.05.23D08:06:24.381738362,IBM,258.1,1,260.2,1
2025.05.23D08:06:26.711029053,IBM,258.1,1,260.1,1
2025.05.23D08:06:28.312875867,IBM,258.1,1,262.46,1
2025.05.23D08:06:28.312885937,IBM,258.1,1,260.2,1
2025.05.23D08:06:28.371164437,IBM,258.1,1,260.1,1
2025.05.23D08:06:28.383167991,IBM,258.1,1,260,1
2025.05.23D08:06:29.387940861,IBM,255.94,1,260,1
2025.05.23D08:06:29.387950879,IBM,258,1,260,1
2025.05.23D08:06:29.388376815,IBM,255.94,1,260,1
2025.05.23D08:06:29.388386883,IBM,257.8,1,260,1
2025.05.23D08:06:29.399904287,IBM,255,2,260,1
2025.05.23D08:06:29.399919345,IBM,257.6,1,260,1
2025.05.23D08:06:29.458333073,IBM,255,2,260,1
2025.05.23D08:06:29.458338079,IBM,257.4,1,260,1
2025.05.23D08:06:29.512827666,IBM,257.9,1,260,1
2025.05.23D08:06:29.573481761,IBM,258,1,260,1
2025.05.23D08:06:29.610304296,IBM,258.2,1,260,1
2025.05.23D08:06:30.374806124,IBM,258.2,1,259.9,1
2025.05.23D08:06:31.373980794,IBM,258.2,1,259.6,1
2025.05.23D08:06:33.619382065,IBM,258.2,1,259.5,1
2025.05.23D08:06:34.943288346,IBM,258.2,1,259.4,1
2025.05.23D08:06:34.980291306,IBM,258.2,1,259.3,1
2025.05.23D08:06:35.123847398,IBM,258.2,1,261.56,1
2025.05.23D08:06:35.123872510,IBM,258.2,1,259.4,1
2025.05.23D08:06:35.123907553,IBM,258.2,1,261.56,1
2025.05.23D08:06:35.124012963,IBM,258.2,1,259.5,1
2025.05.23D08:06:35.125175636,IBM,258.2,1,263.77,3
2025.05.23D08:06:35.125190605,IBM,258.2,1,259.9,1
2025.05.23D08:06:35.125335923,IBM,258.2,1,263.77,3
2025.05.23D08:06:35.125350993,IBM,258.2,1,260.1,1
2025.05.23D08:06:35.180512156,IBM,258.2,1,260,1
2025.05.23D08:06:35.190505848,IBM,258.2,1,259.5,1
2025.05.23D08:06:35.435753683,IBM,258.2,1,259.4,1
2025.05.23D08:06:36.808771791,IBM,258.2,1,259.38,1
2025.05.23D08:06:36.810120181,IBM,258.2,1,259.4,1
2025.05.23D08:06:39.484560876,IBM,258.2,1,261.56,1
2025.05.23D08:06:39.484565798,IBM,258.2,1,259.6,1
2025.05.23D08:06:39.505255067,IBM,258.2,1,261.56,1
2025.05.23D08:06:39.505270048,IBM,258.2,1,259.8,1
2025.05.23D08:06:39.557634467,IBM,255.84,1,259.8,1
2025.05.23D08:06:39.557644510,IBM,258,1,259.8,1
2025.05.23D08:06:39.557920162,IBM,255.84,1,259.8,1
2025.05.23D08:06:39.557930239,IBM,257.9,1,259.8,1
2025.05.23D08:06:39.616328942,IBM,257.9,1,259.7,1
2025.05.23D08:06:39.738484312,IBM,258,1,259.7,1
2025.05.23D08:06:39.838527087,IBM,258.1,1,259.7,1
2025.05.23D08:06:39.848525913,IBM,258.2,1,259.7,1
2025.05.23D08:06:40.808722768,IBM,255.84,1,259.7,1
2025.05.23D08:06:40.808732770,IBM,258.1,1,259.7,1
2025.05.23D08:06:40.879886847,IBM,255,2,259.7,1
2025.05.23D08:06:40.879896869,IBM,257.9,1,259.7,1
2025.05.23D08:06:40.880272736,IBM,255,2,259.7,1
2025.05.23D08:06:40.880282831,IBM,257.6,1,259.7,1
2025.05.23D08:06:41.038919851,IBM,257.9,1,259.7,1
2025.05.23D08:06:41.235481988,IBM,257.9,1,261.76,1
2025.05.23D08:06:41.235492009,IBM,257.9,1,259.8,1
2025.05.23D08:06:41.256166178,IBM,257.9,1,263.77,3
2025.05.23D08:06:41.256181210,IBM,257.9,1,259.9,1
2025.05.23D08:06:41.266179916,IBM,258,1,259.9,1
2025.05.23D08:06:41.291219452,IBM,258.2,1,259.9,1
2025.05.23D08:06:41.358634690,IBM,258.2,1,259.8,1
2025.05.23D08:06:41.377263939,IBM,258.2,1,259.6,1
2025.05.23D08:06:41.402744533,IBM,258.2,1,259.59,1
2025.05.23D08:06:41.689435812,IBM,258.2,1,259.6,1
2025.05.23D08:06:45.487261543,IBM,258.2,1,261.96,1
2025.05.23D08:06:45.487271536,IBM,258.2,1,259.8,1
2025.05.23D08:06:45.491291126,IBM,258.2,1,263.77,3
2025.05.23D08:06:45.491301129,IBM,258.2,1,259.9,1
2025.05.23D08:06:45.545835709,IBM,258.2,1,259.8,1
2025.05.23D08:06:45.547935696,IBM,258.2,1,259.7,1
2025.05.23D08:06:45.625986194,IBM,258.2,1,259.4,1
2025.05.23D08:06:45.650820190,IBM,258.2,1,261.76,1
2025.05.23D08:06:45.650830230,IBM,258.2,1,259.6,1
2025.05.23D08:06:45.706221913,IBM,258.2,1,259.4,1
2025.05.23D08:06:47.488096637,IBM,258.2,1,261.76,1
2025.05.23D08:06:47.488101700,IBM,258.2,1,259.5,1
2025.05.23D08:06:47.488126783,IBM,258.2,1,261.76,1
2025.05.23D08:06:47.488191889,IBM,258.2,1,259.7,1
2025.05.23D08:06:47.488287178,IBM,258.2,1,261.76,1
2025.05.23D08:06:47.488297115,IBM,258.2,1,259.8,1
2025.05.23D08:06:47.494271417,IBM,258.2,1,263.77,3
2025.05.23D08:06:47.494286383,IBM,258.2,1,259.9,1
2025.05.23D08:06:47.494547043,IBM,258.2,1,263.77,3
2025.05.23D08:06:47.564698765,IBM,258.2,1,259.9,1
2025.05.23D08:06:47.626064583,IBM,258.2,1,259.8,1
2025.05.23D08:06:49.239303482,IBM,258.2,1,261.96,1
2025.05.23D08:06:49.239313445,IBM,258.2,1,259.9,1
2025.05.23D08:06:49.274241515,IBM,258.2,1,263.77,3
2025.05.23D08:06:49.274256561,IBM,258.2,1,260.1,1
2025.05.23D08:06:49.334720188,IBM,256.14,1,260.1,1
2025.05.23D08:06:49.334730295,IBM,258.1,1,260.1,1
2025.05.23D08:06:49.362446139,IBM,258.1,1,260,1
2025.05.23D08:06:49.390512798,IBM,258.2,1,260,1
2025.05.23D08:06:49.390522764,IBM,258.2,1,259.8,1
2025.05.23D08:06:49.405884322,IBM,255,2,259.8,1
2025.05.23D08:06:49.405899404,IBM,257.7,1,259.8,1
2025.05.23D08:06:49.406079844,IBM,255,2,259.8,1
2025.05.23D08:06:49.406089857,IBM,257.5,1,259.8,1
2025.05.23D08:06:49.484596379,IBM,255.44,1,259.8,1
2025.05.23D08:06:49.484611485,IBM,257.3,1,259.8,1
2025.05.23D08:06:49.603077984,IBM,257.4,1,259.8,1
2025.05.23D08:06:50.103617546,IBM,257.5,1,259.8,1
2025.05.23D08:06:50.438182637,IBM,257.6,1,259.8,1
2025.05.23D08:06:50.446833148,IBM,257.7,1,259.8,1
2025.05.23D08:06:50.446848163,IBM,257.7,1,259.7,1
2025.05.23D08:06:50.472373823,IBM,257.7,1,259.69,1
2025.05.23D08:06:50.515521391,IBM,257.7,1,259.7,1
2025.05.23D08:06:50.607279469,IBM,257.9,1,259.7,1
2025.05.23D08:06:50.711532253,IBM,258,1,259.7,1
2025.05.23D08:06:50.730547378,IBM,258.1,1,259.7,1
2025.05.23D08:06:51.810674358,IBM,258.1,1,262.16,1
2025.05.23D08:06:51.810689315,IBM,258.1,1,259.8,1
2025.05.23D08:06:51.813170277,IBM,258.1,1,262.16,1
2025.05.23D08:06:51.813180302,IBM,258.1,1,260,1
2025.05.23D08:06:51.866060958,IBM,258.1,1,259.9,1
2025.05.23D08:06:51.879086953,IBM,258.1,1,259.8,1
2025.05.23D08:06:52.117438324,IBM,258.1,1,259.7,1
2025.05.23D08:06:53.497016959,IBM,258.1,1,261.86,1
2025.05.23D08:06:53.497021973,IBM,258.1,1,259.8,1
2025.05.23D08:06:53.497222510,IBM,258.1,1,261.86,1
2025.05.23D08:06:53.497232465,IBM,258.1,1,260.2,1
2025.05.23D08:06:53.549947799,IBM,258.2,1,260.2,1
2025.05.23D08:06:53.549957776,IBM,258.2,1,259.8,1
2025.05.23D08:06:53.556713916,IBM,258.2,1,263.77,3
2025.05.23D08:06:53.556723934,IBM,258.2,1,259.9,1
2025.05.23D08:06:53.562146849,IBM,258.2,1,263.77,3
2025.05.23D08:06:53.562156799,IBM,258.2,1,260.2,1
2025.05.23D08:06:53.618059675,IBM,258.2,1,259.8,1
2025.05.23D08:06:53.828189094,IBM,258.2,1,259.7,1
2025.05.23D08:06:55.836712411,IBM,258.2,1,259.4,1
2025.05.23D08:06:55.930775980,IBM,258.2,1,259.99,1
2025.05.23D08:06:55.930785995,IBM,258.2,1,259.7,1
2025.05.23D08:07:00.132090533,IBM,256.04,1,259.7,1
2025.05.23D08:07:00.132105564,IBM,258.1,1,259.7,1
2025.05.23D08:07:00.203244614,IBM,255,2,259.7,1
2025.05.23D08:07:00.203254679,IBM,258,1,259.7,1
2025.05.23D08:07:00.203490223,IBM,255,2,259.7,1
2025.05.23D08:07:00.203505220,IBM,257.9,1,259.7,1
2025.05.23D08:07:00.362437994,IBM,258,1,259.7,1
2025.05.23D08:07:00.362448024,IBM,258,1,259.6,1
2025.05.23D08:07:00.575574539,IBM,258,1,259.3,1
2025.05.23D08:07:00.589823424,IBM,258,1,261.86,1
2025.05.23D08:07:00.589838415,IBM,258,1,259.4,1
2025.05.23D08:07:00.671662900,IBM,258,1,263.77,3
2025.05.23D08:07:00.671672913,IBM,258,1,259.6,1
2025.05.23D08:07:00.880925473,IBM,258.1,1,259.6,1
2025.05.23D08:07:01.493876944,IBM,258.1,1,261.66,1
2025.05.23D08:07:01.493886994,IBM,258.1,1,259.7,1
2025.05.23D08:07:01.494769081,IBM,258.1,1,263.77,3
2025.05.23D08:07:01.494784032,IBM,258.1,1,259.9,1
2025.05.23D08:07:01.495505773,IBM,258.1,1,263.77,3
2025.05.23D08:07:01.495520769,IBM,258.1,1,260,1
2025.05.23D08:07:01.627409272,IBM,258.1,1,259.9,1
2025.05.23D08:07:01.646464506,IBM,258.1,1,259.7,1
2025.05.23D08:07:03.637185494,IBM,258.1,1,259.6,1
2025.05.23D08:07:05.871420282,IBM,258.1,1,259.5,1
2025.05.23D08:07:05.884270812,IBM,258.1,1,259.3,1
2025.05.23D08:07:10.741619492,IBM,258.2,1,259.3,1
2025.05.23D08:07:14.663745628,IBM,255.84,1,259.3,1
2025.05.23D08:07:14.663755660,IBM,257.8,1,259.3,1
2025.05.23D08:07:14.663971166,IBM,255.84,1,259.3,1
2025.05.23D08:07:14.663981189,IBM,257.6,1,259.3,1
2025.05.23D08:07:14.791338869,IBM,257.7,1,259.3,1
2025.05.23D08:07:14.810339044,IBM,257.8,1,259.3,1
2025.05.23D08:07:15.794102051,IBM,258,1,259.3,1
2025.05.23D08:07:15.897257129,IBM,258.1,1,259.3,1
2025.05.23D08:07:16.288552000,IBM,258.2,1,259.3,1
2025.05.23D08:07:16.776992800,IBM,258.2,1,261.36,1
2025.05.23D08:07:16.777002840,IBM,258.2,1,259.6,1
2025.05.23D08:07:20.557171601,IBM,258.2,1,259.3,1
2025.05.23D08:07:26.460751758,IBM,256.04,1,259.3,1
2025.05.23D08:07:26.460766774,IBM,258.1,1,259.3,1
2025.05.23D08:07:26.461012318,IBM,256.04,1,259.3,1
2025.05.23D08:07:26.461027424,IBM,258,1,259.3,1
2025.05.23D08:07:26.461072496,IBM,256.04,1,259.3,1
2025.05.23D08:07:26.461182776,IBM,257.9,1,259.3,1
2025.05.23D08:07:26.461648854,IBM,256.04,1,259.3,1
2025.05.23D08:07:26.461658872,IBM,257.7,1,259.3,1
2025.05.23D08:07:26.465357743,IBM,257.7,1,261.66,1
2025.05.23D08:07:26.465372707,IBM,257.7,1,259.6,1
2025.05.23D08:07:26.517862514,IBM,258,1,259.6,1
2025.05.23D08:07:26.521040000,IBM,258,1,259.5,1
2025.05.23D08:07:26.532843129,IBM,256.04,1,259.5,1
2025.05.23D08:07:26.532853063,IBM,257.8,1,259.5,1
2025.05.23D08:07:26.536556859,IBM,255,2,259.5,1
2025.05.23D08:07:26.536566928,IBM,257.7,1,259.5,1
2025.05.23D08:07:26.591021369,IBM,257.8,1,259.5,1
2025.05.23D08:07:27.770629667,IBM,257.8,1,261.56,1
2025.05.23D08:07:27.770639709,IBM,257.8,1,259.6,1
2025.05.23D08:07:27.824522777,IBM,255.74,1,259.6,1
2025.05.23D08:07:27.824537875,IBM,257.7,1,259.6,1
2025.05.23D08:07:28.903361765,IBM,257.8,1,259.6,1
2025.05.23D08:07:31.311324303,IBM,257.8,1,259.3,1
2025.05.23D08:07:31.404425603,IBM,257.8,1,261.66,1
2025.05.23D08:07:31.404435574,IBM,257.8,1,259.6,1
2025.05.23D08:07:31.472798099,IBM,255.64,1,259.6,1
2025.05.23D08:07:31.472813106,IBM,257.6,1,259.6,1
2025.05.23D08:07:31.480621688,IBM,255,2,259.6,1
2025.05.23D08:07:31.480636647,IBM,257.5,1,259.6,1
2025.05.23D08:07:31.480731946,IBM,255,2,259.6,1
2025.05.23D08:07:31.480746917,IBM,257.4,1,259.6,1
2025.05.23D08:07:31.531412381,IBM,257.5,1,259.6,1
2025.05.23D08:07:31.585596086,IBM,257.9,1,259.6,1
2025.05.23D08:07:33.542872628,IBM,255.84,1,259.6,1
2025.05.23D08:07:33.542882665,IBM,257.8,1,259.6,1
2025.05.23D08:07:34.757795013,IBM,257.8,1,261.66,1
2025.05.23D08:07:34.757805016,IBM,257.8,1,260,1
2025.05.23D08:07:34.827385358,IBM,257.8,1,263.77,3
2025.05.23D08:07:34.827395439,IBM,257.8,1,260.1,1
2025.05.23D08:07:34.827445511,IBM,257.8,1,263.77,3
2025.05.23D08:07:34.827485624,IBM,257.8,1,260.2,1
2025.05.23D08:07:34.882446176,IBM,257.8,1,260.1,1
2025.05.23D08:07:34.905450900,IBM,257.8,1,259.7,1
2025.05.23D08:07:35.758162618,IBM,257.8,1,261.76,1
2025.05.23D08:07:35.758172462,IBM,257.8,1,259.8,1
2025.05.23D08:07:35.758307744,IBM,257.8,1,261.76,1
2025.05.23D08:07:35.758317768,IBM,257.8,1,259.9,1
2025.05.23D08:07:35.817799102,IBM,257.8,1,263.77,3
2025.05.23D08:07:35.817814126,IBM,257.8,1,260,1
2025.05.23D08:07:35.885104106,IBM,257.8,1,259.9,1
2025.05.23D08:07:35.897107604,IBM,257.8,1,259.7,1
2025.05.23D08:07:35.973173388,IBM,257.8,1,259.5,1
2025.05.23D08:07:36.531189596,IBM,255.74,1,259.5,1
2025.05.23D08:07:36.531194593,IBM,257.7,1,259.5,1
2025.05.23D08:07:36.531695729,IBM,255.74,1,259.5,1
2025.05.23D08:07:36.531705763,IBM,257.6,1,259.5,1
2025.05.23D08:07:36.534352005,IBM,255,2,259.5,1
2025.05.23D08:07:36.534367099,IBM,257.5,1,259.5,1
2025.05.23D08:07:36.757021197,IBM,257.5,1,261.76,1
2025.05.23D08:07:36.757031309,IBM,257.5,1,259.9,1
2025.05.23D08:07:36.758284192,IBM,257.5,1,263.77,3
2025.05.23D08:07:36.758294222,IBM,257.5,1,260,1
2025.05.23D08:07:36.758309338,IBM,257.5,1,263.77,3
2025.05.23D08:07:36.758539803,IBM,257.5,1,260.4,1
2025.05.23D08:07:36.770859121,IBM,257.5,1,263.77,3
2025.05.23D08:07:36.886138102,IBM,257.5,1,260.2,1
2025.05.23D08:07:37.956867623,IBM,257.6,1,260.2,1
2025.05.23D08:07:37.966866455,IBM,258.3,1,260.2,1
2025.05.23D08:07:38.758437619,IBM,258.3,1,262.26,1
2025.05.23D08:07:38.758447629,IBM,258.3,1,260.5,1
2025.05.23D08:07:38.828829918,IBM,258.3,1,263.77,3
2025.05.23D08:07:38.828840020,IBM,258.3,1,260.7,1
2025.05.23D08:07:38.891709335,IBM,258.4,1,260.7,1
2025.05.23D08:07:40.837062660,IBM,258.4,1,262.76,1
2025.05.23D08:07:40.837077594,IBM,258.4,1,260.8,1
2025.05.23D08:07:40.890639907,IBM,258.5,1,260.8,1
2025.05.23D08:07:45.880142703,IBM,256.24,1,260.8,1
2025.05.23D08:07:45.880147759,IBM,258.4,1,260.8,1
2025.05.23D08:07:45.893213768,IBM,256.24,1,260.8,1
2025.05.23D08:07:45.893228868,IBM,258.3,1,260.8,1
2025.05.23D08:07:45.942064829,IBM,258.3,1,260.7,1
2025.05.23D08:07:45.959065232,IBM,258.4,1,260.7,1
2025.05.23D08:07:45.969069048,IBM,258.4,1,260.3,1
2025.05.23D08:07:46.263002634,IBM,256.34,1,260.3,1
2025.05.23D08:07:46.263012565,IBM,258.2,1,260.3,1
2025.05.23D08:07:46.330367684,IBM,258.3,1,260.3,1
2025.05.23D08:07:46.534583053,IBM,258.3,1,260.2,1
2025.05.23D08:07:46.678680428,IBM,256.34,1,260.2,1
2025.05.23D08:07:46.678690491,IBM,258.2,1,260.2,1
2025.05.23D08:07:46.737715741,IBM,258.2,1,260.1,1
2025.05.23D08:07:46.758991432,IBM,256.34,1,260.1,1
2025.05.23D08:07:46.759006318,IBM,258.1,1,260.1,1
2025.05.23D08:07:46.760369645,IBM,258.1,1,262.36,1
2025.05.23D08:07:46.760384695,IBM,258.1,1,260.2,1
2025.05.23D08:07:46.760509957,IBM,258.1,1,262.36,1
2025.05.23D08:07:46.760524922,IBM,258.1,1,260.4,1
2025.05.23D08:07:46.762810423,IBM,258.1,1,263.77,3
2025.05.23D08:07:46.762825457,IBM,258.1,1,260.5,1
2025.05.23D08:07:46.812844339,IBM,258.2,1,260.5,1
2025.05.23D08:07:46.822848076,IBM,258.2,1,260.4,1
2025.05.23D08:07:46.831418511,IBM,258.2,1,260.2,1
2025.05.23D08:08:02.357045728,IBM,258.3,1,260.2,1
2025.05.23D08:08:03.114134937,IBM,256.14,1,260.2,1
2025.05.23D08:08:03.114144941,IBM,258.2,1,260.2,1
2025.05.23D08:08:03.170949943,IBM,258.37,10,260.2,1
2025.05.23D08:08:03.171546355,IBM,258.37,10,260,1
2025.05.23D08:08:05.018836607,IBM,258.37,10,262.26,1
2025.05.23D08:08:05.018851661,IBM,258.37,10,260.2,1
2025.05.23D08:08:05.146504999,IBM,258.37,10,260,1
2025.05.23D08:08:05.535945548,IBM,258.37,10,259.8,1
2025.05.23D08:08:33.128540341,IBM,258.37,10,262.26,1
2025.05.23D08:08:33.128550413,IBM,258.37,10,260,1
2025.05.23D08:08:33.129237025,IBM,258.37,10,263.77,3
2025.05.23D08:08:33.129247073,IBM,258.37,10,260.2,1
2025.05.23D08:08:33.136654723,IBM,258.37,10,263.77,3
2025.05.23D08:08:33.136664839,IBM,258.37,10,260.3,1
2025.05.23D08:08:33.190161867,IBM,258.37,10,260.2,1
2025.05.23D08:08:33.210179356,IBM,258.37,10,260,1
2025.05.23D08:08:33.680682507,IBM,258.4,1,260,1
2025.05.23D08:08:33.743075844,IBM,258.4,1,259.9,1
2025.05.23D08:08:35.530127891,IBM,258.4,1,262.06,1
2025.05.23D08:08:35.530142854,IBM,258.4,1,260,1
2025.05.23D08:08:35.530162967,IBM,258.4,1,262.06,1
2025.05.23D08:08:35.530343390,IBM,258.4,1,260.1,1
2025.05.23D08:08:35.563657587,IBM,258.37,10,260.1,1
2025.05.23D08:08:35.602244194,IBM,258.37,10,260,1
2025.05.23D08:08:35.606108393,IBM,258.37,10,263.77,3
2025.05.23D08:08:35.606118416,IBM,258.37,10,260.1,1
2025.05.23D08:08:35.667409084,IBM,258.4,1,260.1,1
2025.05.23D08:08:35.667424212,IBM,258.4,1,260,1
2025.05.23D08:08:38.530262817,IBM,258.4,1,262.16,1
2025.05.23D08:08:38.530267838,IBM,258.4,1,260.2,1
2025.05.23D08:08:38.531570879,IBM,258.4,1,262.16,1
2025.05.23D08:08:38.531580992,IBM,258.4,1,260.3,1
2025.05.23D08:08:38.531746419,IBM,258.4,1,262.16,1
2025.05.23D08:08:38.531761420,IBM,258.4,1,260.5,1
2025.05.23D08:08:38.536928704,IBM,258.37,10,260.5,1
2025.05.23D08:08:38.664055787,IBM,258.37,10,260.4,1
2025.05.23D08:08:38.667549089,IBM,258.5,1,260.4,1
2025.05.23D08:08:38.757232257,IBM,258.5,1,260.3,1
2025.05.23D08:08:39.025459669,IBM,258.37,10,260.3,1
2025.05.23D08:08:39.025469752,IBM,258.4,1,260.3,1
2025.05.23D08:08:39.026647498,IBM,258.37,10,260.3,1
2025.05.23D08:08:39.746743884,IBM,258.37,10,260,1
2025.05.23D08:08:41.531580552,IBM,258.37,10,262.46,1
2025.05.23D08:08:41.531590598,IBM,258.37,10,260.1,1
2025.05.23D08:08:41.533239520,IBM,258.37,10,262.46,1
2025.05.23D08:08:41.533249554,IBM,258.37,10,260.2,1
2025.05.23D08:08:41.533274609,IBM,258.37,10,262.46,1
2025.05.23D08:08:41.533389811,IBM,258.37,10,260.4,1
2025.05.23D08:08:41.590700989,IBM,258.37,10,260.2,1
2025.05.23D08:08:41.602729667,IBM,258.37,10,263.77,3
2025.05.23D08:08:41.602744657,IBM,258.37,10,260.5,1
2025.05.23D08:08:41.682118342,IBM,258.37,10,260.2,1
2025.05.23D08:08:41.908315850,IBM,258.37,10,260.1,1
2025.05.23D08:08:42.533697097,IBM,258.37,10,262.56,1
2025.05.23D08:08:42.533702092,IBM,258.37,10,260.3,1
2025.05.23D08:08:42.604851367,IBM,258.37,10,263.77,3
2025.05.23D08:08:42.604866278,IBM,258.37,10,260.5,1
2025.05.23D08:08:42.605001508,IBM,258.37,10,263.77,3
2025.05.23D08:08:42.605011579,IBM,258.37,10,260.7,1
2025.05.23D08:08:42.664783633,IBM,258.37,10,260.6,1
2025.05.23D08:08:42.675799834,IBM,258.37,10,260.5,1
2025.05.23D08:08:42.733452009,IBM,258.37,10,260.4,1
2025.05.23D08:08:43.230688507,IBM,258.37,10,260.3,1
2025.05.23D08:08:43.283624325,IBM,258.37,10,260.2,1
2025.05.23D08:08:43.293633118,IBM,258.37,10,260.1,1
2025.05.23D08:08:43.533894037,IBM,258.37,10,262.16,1
2025.05.23D08:08:43.533904150,IBM,258.37,10,260.4,1
2025.05.23D08:08:43.534039409,IBM,258.37,10,262.16,1
2025.05.23D08:08:43.534049462,IBM,258.37,10,260.7,1
2025.05.23D08:08:43.593981892,IBM,258.37,10,260.3,1
2025.05.23D08:08:43.676066959,IBM,258.37,10,260.2,1
2025.05.23D08:08:44.685114968,IBM,258.37,10,260.1,1
2025.05.23D08:08:45.535405752,IBM,258.37,10,262.26,1
2025.05.23D08:08:45.535415781,IBM,258.37,10,260.2,1
2025.05.23D08:08:49.535096215,IBM,258.37,10,262.26,1
2025.05.23D08:08:49.535106201,IBM,258.37,10,260.3,1
2025.05.23D08:08:49.590828625,IBM,258.37,10,260.2,1
2025.05.23D08:08:49.659847642,IBM,258.37,10,260.1,1
2025.05.23D08:08:49.688851658,IBM,258.37,10,260,1
2025.05.23D08:08:51.535841067,IBM,258.37,10,262.16,1
2025.05.23D08:08:51.535851130,IBM,258.37,10,260.2,1
2025.05.23D08:08:51.672761493,IBM,258.37,10,260,1
2025.05.23D08:08:53.080301501,IBM,258.37,10,262.26,1
2025.05.23D08:08:53.080321614,IBM,258.37,10,260.1,1
2025.05.23D08:08:53.144489035,IBM,258.37,10,260,1
2025.05.23D08:08:54.536898173,IBM,258.37,10,262.06,1
2025.05.23D08:08:54.536908156,IBM,258.37,10,260.2,1
2025.05.23D08:08:54.538166192,IBM,258.37,10,263.77,3
2025.05.23D08:08:54.673342509,IBM,258.37,10,260.1,1
2025.05.23D08:08:55.942343252,IBM,258.37,10,260,1
2025.05.23D08:08:57.448572935,IBM,258.37,10,262.16,1
2025.05.23D08:08:57.448582973,IBM,258.37,10,260.4,1
2025.05.23D08:08:57.451214211,IBM,258.37,10,263.77,3
2025.05.23D08:08:57.451224221,IBM,258.37,10,260.5,1
2025.05.23D08:08:57.505092263,IBM,258.37,10,260,1
2025.05.23D08:08:58.199537624,IBM,258.37,10,259.7,1
2025.05.23D08:08:58.941380653,IBM,258.37,10,259.6,1
2025.05.23D08:08:58.951394485,IBM,258.37,10,259.5,1
2025.05.23D08:09:00.790926107,IBM,258.37,10,261.56,1
2025.05.23D08:09:00.790936152,IBM,258.37,10,259.6,1
2025.05.23D08:09:00.933655372,IBM,258.37,10,259.5,1
2025.05.23D08:09:02.541686872,IBM,258.37,10,261.56,1
2025.05.23D08:09:02.541691821,IBM,258.37,10,259.6,1
2025.05.23D08:09:02.671956471,IBM,258.37,10,259.5,1
2025.05.23D08:09:03.541999242,IBM,258.37,10,261.56,1
2025.05.23D08:09:03.542009239,IBM,258.37,10,259.6,1
2025.05.23D08:09:03.668394607,IBM,258.37,10,259.5,1
2025.05.23D08:09:03.679430791,IBM,258.37,10,259.4,1
2025.05.23D08:09:08.543625779,IBM,258.37,10,261.56,1
2025.05.23D08:09:08.543635671,IBM,258.37,10,259.6,1
2025.05.23D08:09:08.612744923,IBM,258.37,10,259.5,1
2025.05.23D08:09:09.690265703,IBM,258.37,10,259.4,1
2025.05.23D08:09:29.772652293,IBM,258.37,10,258.8,1
2025.05.23D08:09:31.161327482,IBM,258.37,9,258.8,1
2025.05.23D08:59:43.996381306,IBM,258.1,1,258.8,1
2025.05.23D08:59:44.068011572,IBM,257,1,258.8,1
2025.05.23D08:59:44.068021607,IBM,257.9,1,258.8,1
2025.05.23D08:59:44.068432539,IBM,257,1,258.8,1
2025.05.23D08:59:44.068442577,IBM,257.6,1,258.8,1
2025.05.23D08:59:44.223606279,IBM,257.7,1,258.8,1
2025.05.23D08:59:45.128531959,IBM,257,1,258.8,1
2025.05.23D08:59:45.202227087,IBM,257.8,1,258.8,1
2025.05.23D08:59:45.204277006,IBM,257,1,258.8,1
2025.05.23D08:59:45.204291958,IBM,257.6,1,258.8,1
2025.05.23D08:59:45.333093058,IBM,257.7,1,258.8,1
2025.05.23D08:59:45.361099654,IBM,257.8,1,258.8,1
2025.05.23D09:00:04.883119223,IBM,257,1,258.8,1
2025.05.23D09:00:04.883129284,IBM,257.7,1,258.8,1
2025.05.23D09:00:04.883164301,IBM,257,1,258.8,1
2025.05.23D09:00:04.883204442,IBM,257.4,1,258.8,1
2025.05.23D09:00:04.938280377,IBM,257.5,1,258.8,1
2025.05.23D09:00:04.951506723,IBM,257.8,1,258.8,1
2025.05.23D09:00:04.960909156,IBM,257,1,258.8,1
2025.05.23D09:00:04.960924141,IBM,257.7,1,258.8,1
2025.05.23D09:00:04.961305029,IBM,257,1,258.8,1
2025.05.23D09:00:04.961315088,IBM,257.6,1,258.8,1
2025.05.23D09:00:05.018320560,IBM,257.7,1,258.8,1
2025.05.23D09:00:05.144410141,IBM,257.8,1,258.8,1
2025.05.23D09:00:05.642002749,IBM,257.9,1,258.8,1
2025.05.23D09:00:10.590212372,IBM,257,1,258.8,1
2025.05.23D09:00:10.590217399,IBM,257.7,1,258.8,1
2025.05.23D09:00:10.646821838,IBM,257.8,1,258.8,1
2025.05.23D09:00:10.668984501,IBM,257,1,258.8,1
2025.05.23D09:00:10.668999585,IBM,257.6,1,258.8,1
2025.05.23D09:00:11.017583033,IBM,257,1,258.8,1
2025.05.23D09:00:11.017587943,IBM,257.5,1,258.8,1
2025.05.23D09:00:11.088296060,IBM,257,1,258.8,1
2025.05.23D09:00:11.088311082,IBM,257.3,1,258.8,1
2025.05.23D09:00:11.146940432,IBM,257.4,1,258.8,1
2025.05.23D09:00:11.156939137,IBM,257.5,1,258.8,1
2025.05.23D09:00:11.216961871,IBM,257.6,1,258.8,1
2025.05.23D09:00:11.246968083,IBM,257.7,1,258.8,1
2025.05.23D09:00:11.712258947,IBM,257.8,1,258.8,1
2025.05.23D09:00:13.734128852,IBM,257,1,258.8,1
2025.05.23D09:00:13.734138902,IBM,257.6,1,258.8,1
2025.05.23D09:00:13.791329854,IBM,257.8,1,258.8,1
2025.05.23D09:00:13.805704017,IBM,257,1,258.8,1
2025.05.23D09:00:13.805719002,IBM,257.7,1,258.8,1
2025.05.23D09:00:13.805894502,IBM,257,1,258.8,1
2025.05.23D09:00:13.805909441,IBM,257.6,1,258.8,1
2025.05.23D09:00:14.396498020,IBM,257.8,1,258.8,1
2025.05.23D09:00:14.892727309,IBM,257.9,1,258.8,1
2025.05.23D09:00:15.838966193,IBM,257,1,258.8,1
2025.05.23D09:00:15.838971241,IBM,257.7,1,258.8,1
2025.05.23D09:00:15.895560769,IBM,257.8,1,258.8,1
2025.05.23D09:00:16.394952530,IBM,257.9,1,258.8,1
2025.05.23D09:00:16.466502558,IBM,257,1,258.8,1
2025.05.23D09:00:16.466517587,IBM,257.7,1,258.8,1
2025.05.23D09:00:16.638105388,IBM,257,1,258.8,1
2025.05.23D09:00:16.638115450,IBM,257.4,1,258.8,1
2025.05.23D09:00:16.761423458,IBM,257.5,1,258.8,1
2025.05.23D09:00:16.780428585,IBM,257.6,1,258.8,1
2025.05.23D09:00:17.263767194,IBM,257.7,1,258.8,1
2025.05.23D09:00:17.760116900,IBM,257.8,1,258.8,1
2025.05.23D09:00:18.261794127,IBM,257.9,1,258.8,1
2025.05.23D09:00:25.176216461,IBM,257,1,258.8,1
2025.05.23D09:00:25.176226513,IBM,257.6,1,258.8,1
2025.05.23D09:00:25.233357282,IBM,257.8,1,258.8,1
2025.05.23D09:00:25.248368026,IBM,257,1,258.8,1
2025.05.23D09:00:25.248377959,IBM,257.5,1,258.8,1
2025.05.23D09:00:25.317392015,IBM,257.6,1,258.8,1
2025.05.23D09:00:25.337605085,IBM,257.7,1,258.8,1
2025.05.23D09:00:25.879863722,IBM,257.8,1,258.8,1
2025.05.23D09:00:26.379365929,IBM,257.9,1,258.8,1
2025.05.23D09:00:31.325746174,IBM,257,1,258.8,1
2025.05.23D09:00:31.325756171,IBM,257.7,1,258.8,1
2025.05.23D09:00:31.384400519,IBM,257.8,1,258.8,1
2025.05.23D09:00:31.397000456,IBM,257,1,258.8,1
2025.05.23D09:00:31.397010476,IBM,257.7,1,258.8,1
2025.05.23D09:00:31.846022627,IBM,257,1,258.8,1
2025.05.23D09:00:31.846032572,IBM,257.5,1,258.8,1
2025.05.23D09:00:31.916294645,IBM,257,1,258.8,1
2025.05.23D09:00:31.916304591,IBM,257.4,1,258.8,1
2025.05.23D09:00:32.033197438,IBM,257.5,1,258.8,1
2025.05.23D09:00:32.070240514,IBM,257.7,1,258.8,1
2025.05.23D09:00:33.453197468,IBM,257.9,1,258.8,1
2025.05.23D09:00:40.888301993,IBM,257,1,258.8,1
2025.05.23D09:00:40.888311997,IBM,257.8,1,258.8,1
2025.05.23D09:00:40.888332093,IBM,257,1,258.8,1
2025.05.23D09:00:40.888457385,IBM,257.7,1,258.8,1
2025.05.23D09:00:40.950975872,IBM,257.8,1,258.8,1
2025.05.23D09:00:40.958473693,IBM,257,1,258.8,1
2025.05.23D09:00:40.958483711,IBM,257.7,1,258.8,1
2025.05.23D09:00:40.960453394,IBM,257,1,258.8,1
2025.05.23D09:00:40.969394741,IBM,257.6,1,258.8,1
2025.05.23D09:00:40.969630190,IBM,257,1,258.8,1
2025.05.23D09:00:40.970026229,IBM,257.5,1,258.8,1
2025.05.23D09:00:41.157256078,IBM,257.6,1,258.8,1
2025.05.23D09:00:41.254056181,IBM,257.7,1,258.8,1
2025.05.23D09:00:41.809806933,IBM,257.8,1,258.8,1
2025.05.23D09:00:42.310161074,IBM,257.9,1,258.8,1
2025.05.23D09:00:42.555323636,IBM,258,1,258.8,1
2025.05.23D09:00:43.256099123,IBM,257,1,258.8,1
2025.05.23D09:00:43.256109158,IBM,257.8,1,258.8,1
2025.05.23D09:00:43.310944526,IBM,258,1,258.8,1
2025.05.23D09:00:43.327263338,IBM,257,1,258.8,1
2025.05.23D09:00:43.327278380,IBM,257.8,1,258.8,1
2025.05.23D09:00:43.327955001,IBM,257,1,258.8,1
2025.05.23D09:00:43.327969976,IBM,257.6,1,258.8,1
2025.05.23D09:00:43.390809389,IBM,257.7,1,258.8,1
2025.05.23D09:00:43.617132214,IBM,257.8,1,258.8,1
2025.05.23D09:00:44.017428541,IBM,257.9,1,258.8,1
2025.05.23D09:00:44.963115888,IBM,257,1,258.8,1
2025.05.23D09:00:44.963120831,IBM,257.7,1,258.8,1
2025.05.23D09:00:45.015700771,IBM,257.9,1,258.8,1
2025.05.23D09:00:45.034274901,IBM,257,1,258.8,1
2025.05.23D09:00:45.034284916,IBM,257.8,1,258.8,1
2025.05.23D09:00:45.034746032,IBM,257,1,258.8,1
2025.05.23D09:00:45.034761128,IBM,257.5,1,258.8,1
2025.05.23D09:00:45.096748432,IBM,257.6,1,258.8,1
2025.05.23D09:00:45.142061101,IBM,257.7,1,258.8,1
2025.05.23D09:00:45.152505904,IBM,257,1,258.8,1
2025.05.23D09:00:45.152521009,IBM,257.6,1,258.8,1
2025.05.23D09:00:45.296433001,IBM,257.7,1,258.8,1
2025.05.23D09:00:45.722620831,IBM,257.9,1,258.8,1
2025.05.23D09:00:51.168608495,IBM,257,1,258.8,1
2025.05.23D09:00:51.168618586,IBM,257.7,1,258.8,1
2025.05.23D09:00:51.225318231,IBM,257.8,1,258.8,1
2025.05.23D09:00:51.240709853,IBM,257,1,258.8,1
2025.05.23D09:00:51.240719821,IBM,257.5,1,258.8,1
2025.05.23D09:00:51.544852663,IBM,257.6,1,258.8,1
2025.05.23D09:00:51.670942312,IBM,257.7,1,258.8,1
2025.05.23D09:00:52.171231146,IBM,257.8,1,258.8,1
2025.05.23D09:00:52.672612744,IBM,257.9,1,258.8,1
2025.05.23D09:00:58.248463906,IBM,257,1,258.8,1
2025.05.23D09:00:58.248474020,IBM,257.8,1,258.8,1
2025.05.23D09:00:58.248519055,IBM,257,1,258.8,1
2025.05.23D09:00:58.248604324,IBM,257.6,1,258.8,1
2025.05.23D09:00:58.304998263,IBM,257.7,1,258.8,1
2025.05.23D09:00:58.320109264,IBM,257,1,258.8,1
2025.05.23D09:00:58.320119243,IBM,257.6,1,258.8,1
2025.05.23D09:00:58.320585329,IBM,257,1,258.8,1
2025.05.23D09:00:58.320600400,IBM,257.5,1,258.8,1
2025.05.23D09:00:58.321517552,IBM,257,1,258.8,1
2025.05.23D09:00:58.321527556,IBM,257.4,1,258.8,1
2025.05.23D09:00:59.472979036,IBM,257.5,1,258.8,1
2025.05.23D09:00:59.480887857,IBM,257.6,1,258.8,1
2025.05.23D09:00:59.974059804,IBM,257.7,1,258.8,1
2025.05.23D09:01:00.471466980,IBM,257.8,1,258.8,1
2025.05.23D09:01:05.283808663,IBM,257.9,1,258.8,1
2025.05.23D09:01:10.225803558,IBM,257,1,258.8,1
2025.05.23D09:01:10.225813407,IBM,257.7,1,258.8,1
2025.05.23D09:01:10.225853502,IBM,257,1,258.8,1
2025.05.23D09:01:10.225898658,IBM,257.5,1,258.8,1
2025.05.23D09:01:10.285645633,IBM,257.7,1,258.8,1
2025.05.23D09:01:10.297398567,IBM,257,1,258.8,1
2025.05.23D09:01:10.297408568,IBM,257.6,1,258.8,1
2025.05.23D09:01:10.735524836,IBM,257,1,258.8,1
2025.05.23D09:01:10.735534801,IBM,257.5,1,258.8,1
2025.05.23D09:01:10.860772455,IBM,257.6,1,258.8,1
2025.05.23D09:01:11.201416937,IBM,257.7,1,258.8,1
2025.05.23D09:01:11.365622175,IBM,257.8,1,258.8,1
2025.05.23D09:01:11.862117167,IBM,257.9,1,258.8,1
2025.05.23D09:01:14.242253673,IBM,257,1,258.8,1
2025.05.23D09:01:14.242263677,IBM,257.7,1,258.8,1
2025.05.23D09:01:14.671062775,IBM,257,1,258.8,1
2025.05.23D09:01:14.671077819,IBM,257.6,1,258.8,1
2025.05.23D09:01:14.736453198,IBM,257.7,1,258.8,1
2025.05.23D09:01:14.797483149,IBM,257.8,1,258.8,1
2025.05.23D09:01:15.872016876,IBM,257.9,1,258.8,1
2025.05.23D09:01:16.815303625,IBM,257,1,258.8,1
2025.05.23D09:01:16.815313679,IBM,257.8,1,258.8,1
2025.05.23D09:01:16.870655139,IBM,257.9,1,258.8,1
2025.05.23D09:01:16.886462703,IBM,257,1,258.8,1
2025.05.23D09:01:16.886477717,IBM,257.8,1,258.8,1
2025.05.23D09:01:16.886928817,IBM,257,1,258.8,1
2025.05.23D09:01:16.886943895,IBM,257.6,1,258.8,1
2025.05.23D09:01:16.951772895,IBM,257.7,1,258.8,1
2025.05.23D09:01:17.077817468,IBM,257.8,1,258.8,1
2025.05.23D09:01:17.578281851,IBM,257.9,1,258.8,1
2025.05.23D09:01:26.678694382,IBM,257,1,258.8,1
2025.05.23D09:01:26.678704328,IBM,257.8,1,258.8,1
2025.05.23D09:01:26.730291962,IBM,257.9,1,258.8,1
2025.05.23D09:01:26.750515021,IBM,257,1,258.8,1
2025.05.23D09:01:26.750530082,IBM,257.8,1,258.8,1
2025.05.23D09:01:26.822571208,IBM,257,1,258.8,1
2025.05.23D09:01:26.822581281,IBM,257.6,1,258.8,1
2025.05.23D09:01:26.944455887,IBM,257.7,1,258.8,1
2025.05.23D09:01:26.974487326,IBM,257.8,1,258.8,1
2025.05.23D09:01:27.445802348,IBM,257.9,1,258.8,1
2025.05.23D09:01:28.394762604,IBM,257,1,258.8,1
2025.05.23D09:01:28.394772632,IBM,257.8,1,258.8,1
2025.05.23D09:01:28.449698152,IBM,257.9,1,258.8,1
2025.05.23D09:01:28.465941814,IBM,257,1,258.8,1
2025.05.23D09:01:28.465951889,IBM,257.7,1,258.8,1
2025.05.23D09:01:28.537446779,IBM,257,1,258.8,1
2025.05.23D09:01:28.537456740,IBM,257.6,1,258.8,1
2025.05.23D09:01:28.663837112,IBM,257.7,1,258.8,1
2025.05.23D09:01:29.164266432,IBM,257.8,1,258.8,1
2025.05.23D09:01:30.109447568,IBM,257,1,258.8,1
2025.05.23D09:01:30.109462652,IBM,257.7,1,258.8,1
2025.05.23D09:01:30.164308013,IBM,257.8,1,258.8,1
2025.05.23D09:01:30.180932520,IBM,257,1,258.8,1
2025.05.23D09:01:30.180942475,IBM,257.6,1,258.8,1
2025.05.23D09:01:30.291370006,IBM,257.8,1,258.8,1
2025.05.23D09:01:35.736340205,IBM,257,1,258.8,1
2025.05.23D09:01:35.736350192,IBM,257.6,1,258.8,1
2025.05.23D09:01:35.794438236,IBM,257.8,1,258.8,1
2025.05.23D09:01:41.237022849,IBM,257,1,258.8,1
2025.05.23D09:01:41.237032836,IBM,257.7,1,258.8,1
2025.05.23D09:01:41.294594639,IBM,257.8,1,258.8,1
2025.05.23D09:01:41.967869733,IBM,257.9,1,258.8,1
2025.05.23D09:01:42.913672456,IBM,257,1,258.8,1
2025.05.23D09:01:42.913682422,IBM,257.8,1,258.8,1
2025.05.23D09:01:42.914013240,IBM,257,1,258.8,1
2025.05.23D09:01:42.914028252,IBM,257.7,1,258.8,1
2025.05.23D09:01:42.970507494,IBM,257.8,1,258.8,1
2025.05.23D09:01:42.985117162,IBM,257,1,258.8,1
2025.05.23D09:01:42.985132242,IBM,257.7,1,258.8,1
2025.05.23D09:01:42.985292633,IBM,257,1,258.8,1
2025.05.23D09:01:42.985302636,IBM,257.6,1,258.8,1
2025.05.23D09:01:43.092627649,IBM,257.7,1,258.8,1
2025.05.23D09:01:43.215680185,IBM,257.8,1,258.8,1
2025.05.23D09:01:43.719151694,IBM,257.9,1,258.8,1
2025.05.23D09:01:48.664238832,IBM,257,1,258.8,1
2025.05.23D09:01:48.664248836,IBM,257.8,1,258.8,1
2025.05.23D09:01:48.664268903,IBM,257,1,258.8,1
2025.05.23D09:01:48.664333965,IBM,257.7,1,258.8,1
2025.05.23D09:01:48.735899100,IBM,257,1,258.8,1
2025.05.23D09:01:48.735914091,IBM,257.6,1,258.8,1
2025.05.23D09:01:49.044347158,IBM,257,1,258.8,1
2025.05.23D09:01:49.044357182,IBM,257.5,1,258.8,1
2025.05.23D09:01:49.167795554,IBM,257.6,1,258.8,1
2025.05.23D09:02:22.892002201,IBM,257,1,258.8,1
2025.05.23D09:02:22.892012260,IBM,257.4,1,258.8,1
2025.05.23D09:02:22.951087665,IBM,257.5,1,258.8,1
2025.05.23D09:02:23.444364870,IBM,257.6,1,258.8,1
2025.05.23D09:02:48.553272099,IBM,257.6,1,258.7,1
2025.05.23D09:02:48.576041281,IBM,257.6,1,258.8,1
2025.05.23D09:03:20.866214827,IBM,257.7,1,258.8,1
2025.05.23D09:03:20.938240959,IBM,257.8,1,258.8,1
2025.05.23D09:03:21.429648797,IBM,257.9,1,258.8,1
2025.05.23D09:03:29.387771538,IBM,257,1,258.8,1
2025.05.23D09:03:29.387781549,IBM,257.7,1,258.8,1
2025.05.23D09:03:29.459481952,IBM,257,1,258.8,1
2025.05.23D09:03:29.459492021,IBM,257.6,1,258.8,1
2025.05.23D09:03:29.459517038,IBM,257,1,258.8,1
2025.05.23D09:03:29.459737562,IBM,257.4,1,258.8,1
2025.05.23D09:03:29.519614833,IBM,257.5,1,258.8,1
2025.05.23D09:03:29.531072104,IBM,257,1,258.8,1
2025.05.23D09:03:29.531082129,IBM,257.4,1,258.8,1
2025.05.23D09:03:29.590773969,IBM,257.5,1,258.8,1
2025.05.23D09:03:29.710638817,IBM,257.6,1,258.8,1
2025.05.23D09:03:29.747646715,IBM,257.7,1,258.8,1
2025.05.23D09:03:30.206978356,IBM,257.8,1,258.8,1
2025.05.23D09:03:34.993553890,IBM,257,1,258.8,1
2025.05.23D09:03:34.993563900,IBM,257.6,1,258.8,1
2025.05.23D09:03:35.078425631,IBM,257,1,258.8,1
2025.05.23D09:03:35.078435569,IBM,257.5,1,258.8,1
2025.05.23D09:03:35.147524764,IBM,257.6,1,258.8,1
2025.05.23D09:03:35.150211171,IBM,257,1,258.8,1
2025.05.23D09:03:35.150226272,IBM,257.4,1,258.8,1
2025.05.23D09:03:35.294423909,IBM,257.5,1,258.8,1
2025.05.23D09:03:35.313449120,IBM,257.6,1,258.8,1
2025.05.23D09:03:37.092822851,IBM,257.7,1,258.8,1
2025.05.23D09:03:39.446777140,IBM,257.8,1,258.8,1
2025.05.23D09:03:39.943036577,IBM,257.9,1,258.8,1
2025.05.23D09:03:49.881796398,IBM,257,1,258.8,1
2025.05.23D09:03:49.881806442,IBM,257.7,1,258.8,1
2025.05.23D09:03:49.939769166,IBM,257.8,1,258.8,1
2025.05.23D09:03:50.014176083,IBM,257,1,258.8,1
2025.05.23D09:03:50.014186108,IBM,257.7,1,258.8,1
2025.05.23D09:03:50.439702295,IBM,257,1,258.8,1
2025.05.23D09:03:50.439717310,IBM,257.4,1,258.8,1
2025.05.23D09:03:50.494632875,IBM,257.5,1,258.8,1
2025.05.23D09:03:50.564699359,IBM,257.6,1,258.8,1
2025.05.23D09:03:50.903529701,IBM,257.7,1,258.8,1
2025.05.23D09:03:51.068647031,IBM,257.8,1,258.8,1
2025.05.23D09:04:02.815493709,IBM,257.9,1,258.8,1
2025.05.23D09:04:36.164283219,IBM,257,1,258.8,1
2025.05.23D09:04:36.164293160,IBM,257.7,1,258.8,1
2025.05.23D09:04:36.358860587,IBM,257.8,1,258.8,1
2025.05.23D09:04:36.864472123,IBM,257.9,1,258.8,1
2025.05.23D09:04:37.810209742,IBM,257,1,258.8,1
2025.05.23D09:04:37.810219737,IBM,257.7,1,258.8,1
2025.05.23D09:04:37.860824965,IBM,257.9,1,258.8,1
2025.05.23D09:04:37.881363865,IBM,257,1,258.8,1
2025.05.23D09:04:37.881378870,IBM,257.8,1,258.8,1
2025.05.23D09:04:37.882175776,IBM,257,1,258.8,1
2025.05.23D09:04:37.882190841,IBM,257.5,1,258.8,1
2025.05.23D09:04:37.940925336,IBM,257.6,1,258.8,1
2025.05.23D09:04:37.998677637,IBM,257.7,1,258.8,1
2025.05.23D09:04:38.066724381,IBM,257.8,1,258.8,1
2025.05.23D09:04:38.165619406,IBM,257.9,1,258.8,1
2025.05.23D09:04:54.182283705,IBM,257.9,1,258.58,1
2025.05.23D09:04:54.186273015,IBM,257.9,1,258.8,1
2025.05.23D09:04:54.249533349,IBM,257,1,258.8,1
2025.05.23D09:04:54.252921459,IBM,257.7,1,258.8,1
2025.05.23D09:04:54.253512892,IBM,257,1,258.8,1
2025.05.23D09:04:54.254064183,IBM,257.6,1,258.8,1
2025.05.23D09:04:54.309536370,IBM,257.7,1,258.8,1
2025.05.23D09:04:54.321564589,IBM,257,1,258.8,1
2025.05.23D09:04:54.321579583,IBM,257.6,1,258.8,1
2025.05.23D09:04:54.322351391,IBM,257,1,258.8,1
2025.05.23D09:04:54.322361472,IBM,257.5,1,258.8,1
2025.05.23D09:04:54.389080054,IBM,257.6,1,258.8,1
2025.05.23D09:04:54.458981171,IBM,257.6,1,258.7,1
2025.05.23D09:04:54.461025979,IBM,257.6,1,258.8,1
2025.05.23D09:04:54.510994814,IBM,257.7,1,258.8,1
2025.05.23D09:04:54.520998556,IBM,257.7,1,258.7,1
2025.05.23D09:05:05.336757387,IBM,257.7,1,258.8,1
2025.05.23D09:05:21.577248530,IBM,257.7,1,258.7,1
2025.05.23D09:05:24.488707633,IBM,257,1,258.7,1
2025.05.23D09:05:24.488717677,IBM,257.6,1,258.7,1
2025.05.23D09:05:24.558373231,IBM,257.6,1,258.6,1
2025.05.23D09:05:24.558754142,IBM,257,1,258.6,1
2025.05.23D09:05:24.558764176,IBM,257.5,1,258.6,1
2025.05.23D09:05:24.568191626,IBM,257.5,1,258.8,1
2025.05.23D09:05:24.568206594,IBM,257.5,1,258.7,1
2025.05.23D09:05:24.688221790,IBM,257.6,1,258.7,1
2025.05.23D09:05:25.604569661,IBM,257.6,1,258.6,1
2025.05.23D09:05:25.986387008,IBM,257.7,1,258.6,1
2025.05.23D09:05:26.936820750,IBM,257,1,258.6,1
2025.05.23D09:05:26.936830821,IBM,257.6,1,258.6,1
2025.05.23D09:05:26.991886651,IBM,257.7,1,258.6,1
2025.05.23D09:05:31.646207692,IBM,257.7,1,258.8,1
2025.05.23D09:05:31.843461567,IBM,257.7,1,258.7,1
2025.05.23D09:05:41.387713712,IBM,257.7,1,258.8,1
2025.05.23D09:05:47.490527095,IBM,257.7,1,258.42,1
2025.05.23D09:05:47.494516584,IBM,257.7,1,258.8,1
2025.05.23D09:05:47.571634839,IBM,257,1,258.8,1
2025.05.23D09:05:47.571644870,IBM,257.6,1,258.8,1
2025.05.23D09:05:47.713522123,IBM,257.6,1,258.7,1
2025.05.23D09:05:51.701584903,IBM,257.6,1,258.8,1
2025.05.23D09:05:51.777360055,IBM,257,1,258.8,1
2025.05.23D09:05:51.777370025,IBM,257.5,1,258.8,1
2025.05.23D09:05:51.778061673,IBM,257,1,258.8,1
2025.05.23D09:05:51.778076673,IBM,257.2,1,258.8,1
2025.05.23D09:05:51.810012602,IBM,257.2,1,258.7,1
2025.05.23D09:05:51.922720500,IBM,257.2,1,258.6,1
2025.05.23D09:05:51.993874597,IBM,257.2,2,258.6,1
2025.05.23D09:05:52.049987902,IBM,257.2,1,258.6,1
2025.05.23D09:05:52.049997957,IBM,257.3,2,258.6,1
2025.05.23D09:05:52.263981511,IBM,257.3,1,258.6,1
2025.05.23D09:05:52.322114686,IBM,257.6,1,258.6,1
2025.05.23D09:05:52.499531349,IBM,257.6,1,258.8,1
2025.05.23D09:05:52.499536307,IBM,257.6,1,258.7,1
2025.05.23D09:05:52.560315758,IBM,257.6,1,258.6,1
2025.05.23D09:05:52.602445887,IBM,257.6,1,258.8,1
2025.05.23D09:05:52.602455912,IBM,257.6,1,258.7,1
2025.05.23D09:05:56.742499839,IBM,257,1,258.7,1
2025.05.23D09:05:56.742509827,IBM,257.2,1,258.7,1
2025.05.23D09:05:56.800873584,IBM,257.2,1,258.6,1
2025.05.23D09:06:00.873612582,IBM,257.3,1,258.6,1
2025.05.23D09:06:00.899955174,IBM,257.3,1,258.5,1
2025.05.23D09:06:00.916188747,IBM,257.3,1,258.8,1
2025.05.23D09:06:00.916198707,IBM,257.3,1,258.6,1
2025.05.23D09:06:00.942882205,IBM,257.4,1,258.6,1
2025.05.23D09:06:01.464331461,IBM,257.4,1,258.8,1
2025.05.23D09:06:06.466138407,IBM,257.6,1,258.8,1
2025.05.23D09:06:06.466148443,IBM,257.6,1,258.7,1
2025.05.23D09:06:06.577167268,IBM,257.7,1,258.7,1
2025.05.23D09:06:06.623216749,IBM,257.7,1,258.6,1
2025.05.23D09:06:11.593694235,IBM,257,1,258.6,1
2025.05.23D09:06:11.593699238,IBM,257.4,2,258.6,1
2025.05.23D09:06:11.664833256,IBM,257.4,1,258.6,1
2025.05.23D09:06:11.665454761,IBM,257,1,258.6,1
2025.05.23D09:06:11.665469732,IBM,257.2,1,258.6,1
2025.05.23D09:06:11.680410333,IBM,257.2,1,258.8,1
2025.05.23D09:06:12.237524312,IBM,257.2,2,258.8,1
2025.05.23D09:06:12.288335067,IBM,257.2,1,258.8,1
2025.05.23D09:06:12.288345255,IBM,257.3,2,258.8,1
2025.05.23D09:06:12.795765955,IBM,257.4,2,258.8,1
2025.05.23D09:06:13.737764668,IBM,257.4,1,258.8,1
2025.05.23D09:06:13.738787118,IBM,257.4,2,258.8,1
2025.05.23D09:06:14.738337614,IBM,257.4,1,258.8,1
2025.05.23D09:06:14.739470252,IBM,257.4,2,258.8,1
2025.05.23D09:06:15.739226344,IBM,257.4,1,258.8,1
2025.05.23D09:06:15.740394074,IBM,257.4,2,258.8,1
2025.05.23D09:06:15.839279112,IBM,257.4,1,258.8,1
2025.05.23D09:06:15.890956942,IBM,257.7,1,258.8,1
2025.05.23D09:06:16.740766466,IBM,257,1,258.8,1
2025.05.23D09:06:16.740776504,IBM,257.6,1,258.8,1
2025.05.23D09:06:16.760047367,IBM,257,1,258.8,1
2025.05.23D09:06:16.760057299,IBM,257.4,2,258.8,1
2025.05.23D09:06:16.831191443,IBM,257.4,1,258.8,1
2025.05.23D09:06:16.832023365,IBM,257,1,258.8,1
2025.05.23D09:06:16.832038362,IBM,257.2,1,258.8,1
2025.05.23D09:06:16.882187546,IBM,257.2,1,258.6,1
2025.05.23D09:06:16.903668657,IBM,257.2,1,258.8,1
2025.05.23D09:06:16.903683681,IBM,257.2,1,258.7,1
2025.05.23D09:06:17.984116329,IBM,257.2,1,258.6,1
2025.05.23D09:06:21.829815674,IBM,257.5,1,258.6,1
2025.05.23D09:06:25.453291997,IBM,257.5,1,258.8,1
2025.05.23D09:06:25.916417637,IBM,257.7,1,258.8,1
2025.05.23D09:06:25.916427721,IBM,257.7,1,258.7,1
2025.05.23D09:06:25.928521492,IBM,257,1,258.7,1
2025.05.23D09:06:25.928536459,IBM,257.5,1,258.7,1
2025.05.23D09:06:25.942449562,IBM,257,1,258.7,1
2025.05.23D09:06:25.942459503,IBM,257.3,2,258.7,1
2025.05.23D09:06:26.013613687,IBM,257.3,1,258.7,1
2025.05.23D09:06:26.082542471,IBM,257.3,1,258.6,1
2025.05.23D09:06:27.235261939,IBM,257.3,1,258.5,1
2025.05.23D09:06:27.319792792,IBM,257.3,1,258.8,1
2025.05.23D09:06:27.319802878,IBM,257.3,1,258.6,1
2025.05.23D09:06:27.807005702,IBM,257.3,2,258.6,1
2025.05.23D09:06:30.082979622,IBM,257.3,2,258.8,1
2025.05.23D09:06:30.082984781,IBM,257.3,2,258.7,1
2025.05.23D09:06:30.604353692,IBM,257.3,1,258.7,1
2025.05.23D09:06:30.604368736,IBM,257.4,2,258.7,1
2025.05.23D09:06:31.083647855,IBM,257.4,1,258.7,1
2025.05.23D09:06:31.084098920,IBM,257.4,2,258.7,1
2025.05.23D09:06:31.084865702,IBM,257.4,1,258.7,1
2025.05.23D09:06:31.139530561,IBM,257.7,1,258.7,1
2025.05.23D09:06:31.155864602,IBM,257.7,1,258.8,1
2025.05.23D09:06:32.085233095,IBM,257,1,258.8,1
2025.05.23D09:06:32.085243133,IBM,257.6,1,258.8,1
2025.05.23D09:06:32.140384190,IBM,257.7,1,258.8,1
2025.05.23D09:06:33.086136829,IBM,257,1,258.8,1
2025.05.23D09:06:33.086146809,IBM,257.6,1,258.8,1
2025.05.23D09:06:33.140942026,IBM,257.7,1,258.8,1
2025.05.23D09:06:33.157711878,IBM,257,1,258.8,1
2025.05.23D09:06:33.157726927,IBM,257.6,1,258.8,1
2025.05.23D09:06:36.194148172,IBM,257.6,1,258.7,1
2025.05.23D09:06:36.202573176,IBM,257.7,1,258.7,1
2025.05.23D09:06:37.152104746,IBM,257,1,258.7,1
2025.05.23D09:06:37.152114783,IBM,257.6,1,258.7,1
2025.05.23D09:06:37.170899406,IBM,257,1,258.7,1
2025.05.23D09:06:37.170909418,IBM,257.4,2,258.7,1
2025.05.23D09:06:37.223729946,IBM,257.4,1,258.7,1
2025.05.23D09:06:37.235142032,IBM,257,1,258.7,1
2025.05.23D09:06:37.235152222,IBM,257.3,2,258.7,1
2025.05.23D09:06:37.242058507,IBM,257.3,1,258.7,1
2025.05.23D09:06:37.301048685,IBM,257.3,1,258.6,1
2025.05.23D09:06:37.335916578,IBM,257.3,1,258.8,1
2025.05.23D09:06:37.335931583,IBM,257.3,1,258.7,1
2025.05.23D09:06:37.367170887,IBM,257.3,1,258.8,1
2025.05.23D09:06:37.806795757,IBM,257.3,2,258.8,1
2025.05.23D09:06:38.363964764,IBM,257.3,1,258.8,1
2025.05.23D09:06:38.363979825,IBM,257.4,2,258.8,1
2025.05.23D09:06:39.307552227,IBM,257.4,1,258.8,1
2025.05.23D09:06:39.308564583,IBM,257.4,2,258.8,1
2025.05.23D09:06:40.308455867,IBM,257.4,1,258.8,1
2025.05.23D09:06:40.309503295,IBM,257.4,2,258.8,1
2025.05.23D09:06:41.017816620,IBM,257.4,1,258.8,1
2025.05.23D09:06:41.072596839,IBM,257.7,1,258.8,1
2025.05.23D09:06:41.072611870,IBM,257.7,1,258.7,1
2025.05.23D09:06:41.309504885,IBM,257,1,258.7,1
2025.05.23D09:06:41.309514923,IBM,257.6,1,258.7,1
2025.05.23D09:06:41.321553459,IBM,257,1,258.7,1
2025.05.23D09:06:41.321568476,IBM,257.3,2,258.7,1
2025.05.23D09:06:41.392712547,IBM,257.3,1,258.7,1
2025.05.23D09:06:41.451617595,IBM,257.3,1,258.6,1
2025.05.23D09:06:46.467337611,IBM,257.3,1,258.5,1
2025.05.23D09:06:46.535855510,IBM,257.4,1,258.5,1
2025.05.23D09:06:51.399413953,IBM,257.5,1,258.5,1
2025.05.23D09:06:54.376118145,IBM,257.5,1,258.8,1
2025.05.23D09:06:54.510557602,IBM,257.6,1,258.8,1
2025.05.23D09:06:56.513753182,IBM,257.7,1,258.8,1
2025.05.23D09:06:56.513763294,IBM,257.7,1,258.7,1
2025.05.23D09:06:57.455065251,IBM,257,1,258.7,1
2025.05.23D09:06:57.455075278,IBM,257.6,1,258.7,1
2025.05.23D09:06:57.513859986,IBM,257.6,1,258.6,1
2025.05.23D09:07:01.137962910,IBM,257,1,258.6,1
2025.05.23D09:07:01.137972954,IBM,257.5,1,258.6,1
2025.05.23D09:07:01.159318724,IBM,257,1,258.6,1
2025.05.23D09:07:01.159328674,IBM,257.3,2,258.6,1
2025.05.23D09:07:01.230462744,IBM,257.3,1,258.6,1
2025.05.23D09:07:01.287488281,IBM,257.3,1,258.5,1
2025.05.23D09:07:06.468029892,IBM,257.3,1,258.4,1
2025.05.23D09:07:10.895446723,IBM,257.5,1,258.4,1
2025.05.23D09:07:11.783938273,IBM,257,1,258.4,1
2025.05.23D09:07:11.783948370,IBM,257.2,1,258.4,1
2025.05.23D09:07:16.373300010,IBM,257.3,1,258.4,1
2025.05.23D09:07:21.194242118,IBM,257.4,1,258.4,1
2025.05.23D09:07:35.213770084,IBM,257.4,1,258.8,1
2025.05.23D09:07:35.213775130,IBM,257.4,1,258.6,1
2025.05.23D09:07:35.225467827,IBM,257,1,258.6,1
2025.05.23D09:07:35.225477921,IBM,257.2,1,258.6,1
2025.05.23D09:07:35.281275484,IBM,257.2,1,258.5,1
2025.05.23D09:07:35.351276839,IBM,257.2,1,258.3,1
2025.05.23D09:07:35.889069957,IBM,257.3,1,258.3,1
2025.05.23D09:07:35.906401119,IBM,257.4,1,258.3,1
2025.05.23D09:07:37.303015287,IBM,257.4,1,258.8,1
2025.05.23D09:07:37.303020267,IBM,257.4,1,258.6,1
2025.05.23D09:07:37.321724732,IBM,257.4,1,258.8,1
2025.05.23D09:07:37.321734884,IBM,257.4,1,258.7,1
2025.05.23D09:07:37.390392909,IBM,257.4,1,258.8,1
2025.05.23D09:07:39.290618832,IBM,257.4,1,258.7,1
2025.05.23D09:07:41.469316708,IBM,257.5,1,258.7,1
2025.05.23D09:07:41.469326639,IBM,257.5,1,258.6,1
2025.05.23D09:07:41.637396084,IBM,257.5,1,258.5,1
2025.05.23D09:07:49.484018834,IBM,257,1,258.5,1
2025.05.23D09:07:49.484028853,IBM,257.2,1,258.5,1
2025.05.23D09:07:49.606389608,IBM,257.2,1,258.4,1
2025.05.23D09:07:49.630050922,IBM,257.2,1,258.8,1
2025.05.23D09:07:49.630065875,IBM,257.2,1,258.5,1
2025.05.23D09:07:49.647923357,IBM,257.2,1,258.8,1
2025.05.23D09:07:51.142545303,IBM,257.5,1,258.8,1
2025.05.23D09:07:51.142555386,IBM,257.5,1,258.6,1
2025.05.23D09:07:51.736997999,IBM,257.5,1,258.5,1
2025.05.23D09:08:01.417418885,IBM,257,1,258.5,1
2025.05.23D09:08:01.417428898,IBM,257.3,1,258.5,1
2025.05.23D09:08:01.417458898,IBM,257.3,1,258.8,1
2025.05.23D09:08:01.467588046,IBM,257.4,1,258.8,1
2025.05.23D09:08:01.477586823,IBM,257.4,1,258.7,1
2025.05.23D09:08:01.488427572,IBM,257.4,1,258.8,1
2025.05.23D09:08:01.546761271,IBM,257.4,1,258.6,1
2025.05.23D09:08:01.933565514,IBM,257.4,1,258.8,1
2025.05.23D09:08:03.403428652,IBM,257.4,1,258.7,1
2025.05.23D09:08:06.436025663,IBM,257.7,1,258.7,1
2025.05.23D09:08:06.436035663,IBM,257.7,1,258.6,1
2025.05.23D09:08:06.451577614,IBM,257,1,258.6,1
2025.05.23D09:08:06.451587671,IBM,257.5,1,258.6,1
2025.05.23D09:08:06.452224145,IBM,257,1,258.6,1
2025.05.23D09:08:06.452234239,IBM,257.2,1,258.6,1
2025.05.23D09:08:06.659221176,IBM,257.2,1,258.5,1
2025.05.23D09:08:10.378119136,IBM,257.2,1,258.8,1
2025.05.23D09:08:10.378124209,IBM,257.2,1,258.6,1
2025.05.23D09:08:10.519620500,IBM,257.2,1,258.4,1
2025.05.23D09:08:11.147477560,IBM,257.4,1,258.4,1
2025.05.23D09:08:12.458082267,IBM,257.4,1,258.8,1
2025.05.23D09:08:12.458102290,IBM,257.4,1,258.6,1
2025.05.23D09:08:12.481302409,IBM,257.4,1,258.8,1
2025.05.23D09:08:13.036617178,IBM,257.5,1,258.8,1
2025.05.23D09:08:14.447409993,IBM,257.5,1,258.7,1
2025.05.23D09:08:16.242440981,IBM,257.6,1,258.7,1
2025.05.23D09:08:16.242445918,IBM,257.6,1,258.6,1
2025.05.23D09:08:27.196253044,IBM,257,1,258.6,1
2025.05.23D09:08:27.196263070,IBM,257.3,2,258.6,1
2025.05.23D09:08:27.267422122,IBM,257.3,1,258.6,1
2025.05.23D09:08:27.338430908,IBM,257.3,1,258.5,1
2025.05.23D09:08:27.840228427,IBM,257.3,1,258.8,1
2025.05.23D09:08:27.840238457,IBM,257.3,1,258.7,1
2025.05.23D09:08:27.899930313,IBM,257.3,1,258.6,1
2025.05.23D09:08:28.340447356,IBM,257.3,2,258.6,1
2025.05.23D09:08:29.864754800,IBM,257.3,2,258.8,1
2025.05.23D09:08:29.936931362,IBM,257.3,1,258.8,1
2025.05.23D09:08:29.937427532,IBM,257.3,2,258.8,1
2025.05.23D09:08:30.842408287,IBM,257.3,1,258.8,1
2025.05.23D09:08:30.896637098,IBM,257.6,1,258.8,1
2025.05.23D09:08:30.896647222,IBM,257.6,1,258.7,1
2025.05.23D09:08:30.949643088,IBM,257,1,258.7,1
2025.05.23D09:08:30.949658146,IBM,257.3,2,258.7,1
2025.05.23D09:08:31.020812248,IBM,257.3,1,258.7,1
2025.05.23D09:08:31.077782584,IBM,257.3,1,258.6,1
2025.05.23D09:08:31.555046873,IBM,257.3,1,258.5,1
2025.05.23D09:08:31.727306231,IBM,257.3,1,258.8,1
2025.05.23D09:08:31.727321291,IBM,257.3,1,258.6,1
2025.05.23D09:08:32.386593067,IBM,257.3,1,258.8,1
2025.05.23D09:08:32.516612073,IBM,257.3,1,258.7,1
2025.05.23D09:08:32.526615820,IBM,257.3,1,258.6,1
2025.05.23D09:08:32.626939232,IBM,257.3,2,258.6,1
2025.05.23D09:08:33.387501722,IBM,257.3,2,258.8,1
2025.05.23D09:08:33.518207422,IBM,257.3,2,258.7,1
2025.05.23D09:08:33.528206173,IBM,257.3,2,258.6,1
2025.05.23D09:08:37.698948050,IBM,257.3,1,258.6,1
2025.05.23D09:08:37.753908720,IBM,257.6,1,258.6,1
2025.05.23D09:08:39.771363227,IBM,257.6,1,258.8,1
2025.05.23D09:08:39.851704263,IBM,257,1,258.8,1
2025.05.23D09:08:39.851714207,IBM,257.5,1,258.8,1
2025.05.23D09:08:39.863482189,IBM,257,1,258.8,1
2025.05.23D09:08:39.863492262,IBM,257.3,2,258.8,1
2025.05.23D09:08:39.934611291,IBM,257.3,1,258.8,1
2025.05.23D09:08:40.930006822,IBM,257.5,1,258.8,1
2025.05.23D09:08:40.930021829,IBM,257.5,1,258.7,1
2025.05.23D09:08:41.046879611,IBM,257.6,1,258.7,1
2025.05.23D09:08:41.993779924,IBM,257,1,258.7,1
2025.05.23D09:08:41.993784924,IBM,257.5,1,258.7,1
2025.05.23D09:08:42.048700399,IBM,257.6,1,258.7,1
2025.05.23D09:08:47.264916977,IBM,257.6,1,258.6,1
2025.05.23D09:08:56.760864342,IBM,257,1,258.6,1
2025.05.23D09:08:56.760874392,IBM,257.5,1,258.6,1
2025.05.23D09:08:56.774957834,IBM,257,1,258.6,1
2025.05.23D09:08:56.774967908,IBM,257.2,2,258.6,1
2025.05.23D09:08:56.846091829,IBM,257.2,1,258.6,1
2025.05.23D09:08:56.905001832,IBM,257.2,1,258.5,1
2025.05.23D09:09:01.338663498,IBM,257.3,1,258.5,1
2025.05.23D09:09:01.338678500,IBM,257.3,1,258.4,1
2025.05.23D09:09:01.354801878,IBM,257.3,1,258.8,1
2025.05.23D09:09:01.354816895,IBM,257.3,1,258.5,1
2025.05.23D09:09:01.402239573,IBM,257.3,1,258.8,1
2025.05.23D09:09:01.402254674,IBM,257.3,1,258.6,1
2025.05.23D09:09:01.427820338,IBM,257.3,1,258.8,1
2025.05.23D09:09:01.583470247,IBM,257.3,1,258.79,1
2025.05.23D09:09:03.399922186,IBM,257.3,1,258.8,1
2025.05.23D09:09:06.344224402,IBM,257.3,1,258.5,1
2025.05.23D09:09:08.654665169,IBM,257.3,1,258.8,1
2025.05.23D09:09:08.654675250,IBM,257.3,1,258.6,1
2025.05.23D09:09:08.673565113,IBM,257.3,1,258.8,1
2025.05.23D09:09:08.751415190,IBM,257.3,1,258.79,1
2025.05.23D09:09:11.069383890,IBM,257.3,1,258.5,1
2025.05.23D09:09:11.194526365,IBM,257.3,1,258.4,1
2025.05.23D09:09:11.655336505,IBM,257.3,1,258.8,1
2025.05.23D09:09:11.655346481,IBM,257.3,1,258.6,1
2025.05.23D09:09:11.679804566,IBM,257.3,1,258.8,1
2025.05.23D09:09:11.681207994,IBM,257.3,1,258.8,2
2025.05.23D09:09:11.684686261,IBM,257.3,1,258.8,1
2025.05.23D09:09:11.685192456,IBM,257.3,1,258.8,2
2025.05.23D09:09:11.725082233,IBM,257.3,1,258.8,1
2025.05.23D09:09:11.783165318,IBM,257.3,1,258.79,1
2025.05.23D09:09:13.404383135,IBM,257.3,1,258.8,1
2025.05.23D09:09:16.187953557,IBM,257.3,1,258.5,1
2025.05.23D09:09:21.267725720,IBM,257.3,1,258.4,1
2025.05.23D09:09:32.205995688,IBM,257.3,1,258.3,1
2025.05.23D09:09:45.907673285,IBM,257.3,1,258.8,1
2025.05.23D09:09:45.907683310,IBM,257.3,1,258.4,1
2025.05.23D09:09:45.958473975,IBM,257.4,1,258.4,1
2025.05.23D09:09:46.072700461,IBM,257.4,1,258.8,1
2025.05.23D09:09:46.072710565,IBM,257.4,1,258.5,1
2025.05.23D09:09:48.180038640,IBM,257.4,1,258.4,1
2025.05.23D09:09:55.178084687,IBM,257.4,1,258.3,1
2025.05.23D09:09:57.201262801,IBM,257.4,1,258.8,1
2025.05.23D09:09:57.201272848,IBM,257.4,1,258.5,1
2025.05.23D09:09:57.688525923,IBM,257.4,1,258.8,1
2025.05.23D09:09:57.688536038,IBM,257.4,1,258.7,1
2025.05.23D09:09:57.688561090,IBM,257.4,1,258.8,1
2025.05.23D09:09:57.755369868,IBM,257.4,1,258.4,1
2025.05.23D09:10:17.735157084,IBM,257.4,1,258.3,1
2025.05.23D09:10:41.520258306,IBM,257.4,1,258.22,1
2025.05.23D09:10:41.520368480,IBM,257.4,1,258.3,1
2025.05.23D09:10:41.679050576,IBM,257,1,258.3,1
2025.05.23D09:10:41.679060694,IBM,257.2,1,258.3,1
2025.05.23D09:10:42.086468905,IBM,257.3,1,258.3,1
2025.05.23D09:10:44.776612189,IBM,257.3,1,258.8,1
2025.05.23D09:10:44.776617204,IBM,257.3,1,258.7,2
2025.05.23D09:10:44.802278127,IBM,257.3,1,258.69,1
2025.05.23D09:10:44.827838952,IBM,257.3,1,258.7,1
2025.05.23D09:10:46.591074205,IBM,257.3,1,258.6,1
2025.05.23D09:10:46.747711493,IBM,257.3,1,258.5,1
2025.05.23D09:10:46.856214378,IBM,257.3,1,258.4,1
2025.05.23D09:10:50.878363278,IBM,257.4,1,258.4,1
2025.05.23D09:12:08.887699709,IBM,257.4,1,258.8,1
2025.05.23D09:12:08.887709760,IBM,257.4,1,258.5,1
2025.05.23D09:12:16.225989404,IBM,257.4,1,258.4,1
2025.05.23D09:12:52.555111720,IBM,257.4,1,258.25,1
2025.05.23D09:12:52.555121692,IBM,257.4,1,258.4,1
2025.05.23D09:13:18.417990607,IBM,257.4,1,258.8,1
2025.05.23D09:13:18.418000589,IBM,257.4,1,258.6,1
2025.05.23D09:13:18.471417639,IBM,257.4,1,258.5,1
2025.05.23D09:13:20.532510838,IBM,257.4,1,258.4,1
2025.05.23D09:13:31.942291579,IBM,257.4,1,258.3,1
2025.05.23D09:13:32.802019705,IBM,257.4,1,258.8,1
2025.05.23D09:13:32.802024722,IBM,257.4,1,258.5,1
2025.05.23D09:13:32.860769268,IBM,257.4,1,258.4,1
2025.05.23D09:13:33.940936429,IBM,257.4,1,258.3,1
2025.05.23D09:13:34.821704511,IBM,257.4,1,258.8,1
2025.05.23D09:13:34.821709561,IBM,257.4,1,258.6,2
2025.05.23D09:13:34.847626144,IBM,257.4,1,258.59,1
2025.05.23D09:13:34.873502701,IBM,257.4,1,258.6,1
2025.05.23D09:13:35.461535196,IBM,257.4,1,258.5,1
2025.05.23D09:13:35.857771835,IBM,257.4,1,258.4,1
2025.05.23D09:13:41.456938324,IBM,257.4,1,258.8,1
2025.05.23D09:13:41.456948348,IBM,257.4,1,258.5,1
2025.05.23D09:13:41.530919158,IBM,257.4,1,258.8,1
2025.05.23D09:13:41.530934184,IBM,257.4,1,258.6,1
2025.05.23D09:13:41.659188980,IBM,257.4,1,258.5,1
2025.05.23D09:13:41.965667344,IBM,257.4,1,258.4,1
2025.05.23D09:15:28.784179866,IBM,257.4,1,258.21,1
2025.05.23D09:15:28.784230007,IBM,257.4,1,258.4,1
2025.05.23D09:20:20.556671273,IBM,257.4,1,258.3,1
2025.05.23D09:21:18.542140729,IBM,257.4,1,258.23,1
2025.05.23D09:21:18.542812320,IBM,257.4,1,258.3,1
2025.05.23D09:21:18.598269079,IBM,257.4,1,258.8,1
2025.05.23D09:21:18.598279099,IBM,257.4,1,258.4,1
2025.05.23D09:21:27.468755079,IBM,257.4,1,258.8,1
2025.05.23D09:21:27.468760123,IBM,257.4,1,258.6,1
2025.05.23D09:21:27.487770345,IBM,257.4,1,258.8,1
2025.05.23D09:21:27.487780364,IBM,257.4,1,258.7,2
2025.05.23D09:21:27.513732007,IBM,257.4,1,258.69,1
2025.05.23D09:21:30.268223025,IBM,257.4,1,258.4,1
2025.05.23D09:22:58.953712202,IBM,257.4,1,258.3,1
2025.05.23D09:24:08.030235036,IBM,257.4,1,258.8,1
2025.05.23D09:24:08.030245124,IBM,257.4,1,258.4,1
2025.05.23D09:24:31.656218094,IBM,257.4,1,258.23,1
2025.05.23D09:24:31.656393484,IBM,257.4,1,258.4,1
2025.05.23D09:24:34.324760060,IBM,257.4,1,258.8,1
2025.05.23D09:24:34.324770078,IBM,257.4,1,258.5,1
2025.05.23D09:24:34.472045086,IBM,257.4,1,258.4,1
2025.05.23D09:25:02.717997713,IBM,257.4,1,258.8,1
